3314 5526
862 296 879 333 s

730 389 929 447 -133-

242 524 277 598 1⁶
297 530 391 597 Mille
405 533 554 599 omnibus
575 535 771 618 temporibus
790 555 861 600 curn
882 535 1020 620 genitivo
1046 535 1182 620 pluralis
1206 549 1392 621 usurpetur,
1414 538 1467 602 sed

196 649 320 705 tanturn
333 640 527 705 nominativo
542 651 573 706 et
589 643 777 718 accusativo,
792 642 1011 708 utobservavit
1028 641 1064 707 Ο.
1083 642 1236 718 Schmidt,
1260 645 1356 726 (Berl.
1374 645 1469 708 Zeits-

196 746 292 813 christ
307 748 359 815 liir
374 745 431 811 das
446 747 688 833 Gymnasialvv.,
712 749 809 827 1868,
828 769 859 833 p.
877 749 972 832 537);
995 749 1085 834 eujus
1101 770 1199 815 unum
1216 764 1339 816 tontum
1362 771 1469 816 exem·

195 854 284 938 plum
304 853 396 920 eden
410 854 583 920 Sallustius
599 856 671 940 lug.
690 856 744 934 68,
763 856 796 933 3,
812 853 905 920 docet
923 853 1081 944 oppidani
1104 857 1228 942 Vapam
1241 878 1308 922 non
1322 855 1468 945 amplias

194 957 285 1024 mille
301 980 452 1044 passuum
475 980 552 1027 esse.
579 961 620 1026 Αῑ
640 961 672 1026 13
693 963 765 1046 lug.
794 964 870 1040 105,
888 963 919 1040 3,
937 982 1012 1027 33111
1031 960 1122 1027 mille
1136 984 1201 1028 non
1215 961 1357 1052 amplius
1373 964 1466 1050 equi-

194 1064 280 1131 libas
303 1086 370 1130 sere
390 1063 540 1146 ostendit,
565 1067 801 1134 substantivum
827 1068 963 1134 ablativo
992 1089 1063 1133 casu
1090 1071 1219 1154 ponitur
1241 1079 1369 1155 propter
1391 1091 1467 1135 enm

194 1172 461 1255 conjunctionem,
481 1172 676 1240 nullomille
696 1175 778 1240 vocis
797 1175 920 1241 ratione
936 1175 1056 1240 habita.
1125 1258 1128 1263 1

238 1280 272 1344 3ο
295 1272 646 1366 Genivtvus'adjenivts
669 1282 814 1347 neutrius
835 1282 960 1367 generis
981 1281 1097 1367 saepius
1125 1282 1210 1366 apud
1227 1284 1376 1349 Nostrum
1390 1284 1467 1348 sulv-

190 1386 351 1471 jungitor:
367 1407 438 1472 quae
452 1388 643 1452 constructio
659 1386 745 1473 apud
760 1399 878 1455 veteres
891 1389 1059 1475 scriptores
1075 1383 1247 1455 admodum
1262 1389 1461 1475 infrequens,

194 1511 359 1577 nunquam
377 1494 444 1559 lere
469 1494 554 1579 apud
573 1493 758 1560 Ciceronem
780 1493 845 1560 'nisi
876 1496 993 1581 plurali
1018 1515 1151 1562 numero
1183 1494 1375 1582 (prasertim
1394 1517 1464 1562 curn

193 1599 416 1682 comparativis
439 1609 470 1665 et
492 1600 708 1685 superlativis)
733 1600 914 1679 invenitur;
936 1601 990 1667 sed
1016 1614 1124 1687 postea
1145 1623 1164 1666 a
1184 1602 1272 1668 livio
1291 1603 1466 1687 saepissime

192 1706 392 1794 meximeque
412 1707 550 1773 aTocito
571 1718 705 1792 utroque
722 1727 853 1773 numero
876 1718 1029 1793 usurpata
1057 1721 1104 1775 est
1123 1709 1310 1775 Sallustium
1337 1709 1466 1775 imitan-

194 1812 289 1885 tibus.
311 1813 359 1879 Gl.
384 1813 558 1890 orarent,
577 1813 616 1879 ad
638 1815 705 1880 liv.
728 1814 782 1891 37,
799 1815 854 1892 58,
871 1815 909 1894 8;
941 1816 1091 1898 Draeger,
1113 1816 1231 1901 Synton
1249 1817 1314 1881 ond
1330 1817 1389 1883 Stil
1411 1817 1464 1881 des

193 1920 329 1999 Tacitus,
346 1920 435 2004 §663
454 1920 610 1999 Kolroast,
630 1922 688 1986 Die
702 1921 820 2006 Hautp.
838 1921 870 1987 d.
887 1921 955 1988 Liv.
975 1923 1065 2008 Synt.
1092 1943 1124 2007 p.
1142 1923 1196 1989 78.
1439 2005 1442 2010 Ι

235 2028 376 2093 Pluralis
387 2028 511 2093 numeri
523 2047 594 2093 cum
604 2029 1078 2115 genitivojnnctihaecovempla
1089 2030 1269 2095 notavimus
1283 2031 1373 2116 :Jog.
1388 2030 1463 2107 103,

191 2131 831 2220 9,]11333333311133313131313113331
848 2135 944 2202 etiam
958 2136 1150 2202 constructio
1165 2155 1222 2222 per
1232 2137 1369 2221 synesim
1380 2157 1464 2201 eons-

194 2239 325 2322 picitur3
344 2241 424 2307 Hist.
443 2261 490 2319 ιιι,
512 2241 568 2317 83,
590 2244 622 2318 1,
640 2239 828 2307 certaminis
840 2239 1001 2319 advorsa3
1020 2243 1099 2307 Hist.
1123 2264 1157 2317 ιι,
1176 2243 1231 2321 53,
1248 2262 1329 2307 3333
1345 2253 1459 2317 terram

191 2347 229 2411 H.
241 2367 262 2422 ι,
280 2347 336 2418 31,
353 2346 478 2412 incerta
492 2346 619 2434 perieris
631 2346 774 2413 11331331
780 2371 788 2425 ;
806 2349 843 2413 H.
857 2369 891 2426 ιι,
909 2350 964 2419 50.
981 2350 1014 2428 7,
1031 2346 1137 2414 Italiae
1151 2347 1335 2414 marituma
1348 2360 1461 2438 etpro·

189 2451 375 2519 3133131313
381 2454 396 2534 ,·’
410 2455 449 2519 H.
464 2474 507 2530 ιι,
526 2454 580 2531 33,
599 2451 706 2520 ltaliae
718 2452 825 2542 plana
844 2475 884 2520 ac
900 2453 1033 2531 mollia;
1051 2456 1087 2520 H.
1106 2477 1153 2534 ιιι,
1169 2456 1202 2531 7,
1218 2453 1349 2540 reliqna
1364 2453 1464 2520 eada·

189 2580 321 2633 anaem3
339 2561 376 2624 H.
400 2581 423 2639 ι,
440 2560 473 2637 6,
487 2560 522 2624 in
535 2562 657 2626 Oceani
667 2559 866 2649 lonqinqaa3
884 2563 955 2648 lug.
976 2562 1030 2638 78,
1050 2564 1081 2642 lv,
1095 2559 1386 2648 lepnmealtasqne
1397 2559 1438 2650 pl
1454 2600 1463 2610 -

189 2685 295 2754 rapae
303 2664 471 2733 Sidonica.
484 2668 660 2734 AddeHist.
674 2689 709 2748 ιι,
718 2669 773 2744 31,
783 2670 869 2734 inter
879 2666 961 2735 laeva
972 2667 1132 2734 3113311131
1143 2666 1334 2735 3111333331
1341 2667 1468 2756 sionna

190 2776 338 2854 Tarium,
357 2775 410 2840 ubi
433 2775 612 2841 Dietschius
629 2775 729 2841 nimia
756 2776 924 2860 prudentia
940 2775 1023 2841 laeva
1043 2775 1167 2841 maenia
1190 2776 1338 2852 correxit,
1362 2796 1465 2861 quoo-

189 2901 286 2968 quam
317 2881 476 2967 scriptura
503 2881 665 2948 3133311311
691 2883 845 2949 Prisciani
869 2885 912 2966 (v,
930 2884 963 2961 3,
980 2883 1013 2961 6,
1032 2905 1062 2969 p.
1084 2884 1160 2959 166,
1177 2904 1221 2963 vv,
1239 2892 1273 2955 3,
1287 2884 1320 2958 9,
1339 2904 1369 2969 p.
1388 2885 1465 2966 331)

191 2988 370 3054 testimonio
385 2990 462 3054 satis
477 2990 601 3056 munita
616 2989 753 3056 videtur.
769 2991 863 3056 Falso
877 2989 1008 3074 quidem
1030 2991 1086 3056 ille
1102 2989 1141 3055 ad
1158 2990 1241 3055 lrunc
1259 2992 1359 3056 locum
1376 2991 1464 3074 geni-

189 3096 289 3161 tivum
316 3114 389 3161 oum
410 3095 556 3182 adjectivi
581 3106 695 3162 neutro
711 3097 830 3182 plurali
853 3097 897 3161 ita
918 3107 1041 3162 tantum
1063 3097 1267 3181 conjunctum
1295 3116 1361 3162 esse
1377 3095 1465 3162 3161-

187 3202 298 3280 mavit,
316 3213 352 3269 ut
369 3214 474 3288 partos
493 3204 590 3269 totius
606 3202 743 3289 alicujus
756 3203 799 3268 rei
817 3203 1013 3281 dicerentur,
1027 3214 1063 3270 ut
1079 3213 1165 3289 patet
1180 3223 1217 3268 ex
1232 3204 1271 3268 'ris
1282 3224 1353 3288 quae
1367 3225 1466 3290 supra

190 3310 320 3376 laudato
341 3321 416 3376 suut
436 3311 590 3395 exemplis
614 3307 786 3375 «advorsa
808 3309 1009 3390 certaminis,
1027 3308 1216 3398 lonpinpnae
1239 3309 1363 3376 Oceani
1382 3336 1413 3390 3,
1433 3312 1464 3375 13

188 3417 304 3501 quihus
331 3417 485 3503 adjectiva
510 3416 682 3504 qualitates
708 3417 932 3503 adjunctorum
956 3419 1241 3494 substantivorum,
1273 3438 1336 3484 non
1362 3429 1465 3503 partes

188 3522 380 3608 significant.
399 3526 491 3590 Recto
516 3544 589 3589 vero
612 3523 772 3590 Kritzius:
800 3551 811 3583 ι
834 3525 916 3590 Nota
940 3510 1243 3608 insignem'di-oondi
1264 3525 1463 3604 brevitatem,

186 3651 251 3716 qua
273 3630 358 3695 inter
371 3629 453 3696 lava
471 3631 705 3697 3133131333.
722 3631 904 3697 dictumest
920 3651 975 3716 pro
991 3630 1076 3697 inter
1091 3632 1229 3712 1331313,
1247 3652 1320 3718 qnae
1336 3632 1465 3696 erania

181 3748 285 3826 parte
311 3735 394 3802 laeva
414 3748 445 3801 et
459 3736 587 3825 [tarmen
617 3737 765 3818 Traiano,
788 3735 1006 3826 paederota
1030 3735 1158 3804 dextra.
1199 3766 1209 3798 t
1238 3739 1278 3805 At
1309 3737 1383 3815 huic
1414 3759 1464 3802 sn-

186 3844 352 3929 gacissimo
369 3845 512 3909 Sallustii
533 3844 695 3929 interpreti
721 3844 867 3910 assentiri
885 3865 1022 3930 nequeo,
1037 3865 1108 3913 oum
1124 3845 1183 3911 hoc
1205 3845 1273 3911 loco
1289 3844 1463 3909 conferenti

186 3950 280 4015 Catil.
304 3951 359 4027 59,
377 3951 409 4025 3,
428 3971 508 4015 nam
523 3949 575 4016 nti
588 3948 746 4039 planities
760 3962 834 4016 erat
852 3947 1463 4017 11113131313113331331133131333313

186 4077 415 4146 rupeaspera,
447 4058 501 4122 ulri
533 4056 626 4145 rapis
649 4079 766 4145 aspera
786 4059 945 4145 corrigere
972 4079 1037 4125 non
1069 4058 1240 4133 dubitavit,
1270 4057 1462 4123 contendens

189 4175 317 4249 propter
336 4163 584 4250 propositionem
599 4164 980 4243 1111313333331133311113
993 4166 1204 4232 necessarium
1226 4164 1304 4231 esse.
1316 4164 1396 4229 Nam
1416 4182 1451 4228 ao

186 4271 347 4336 cusativus
366 4254 504 4356 pluralis
527 4271 672 4337 neutrius
692 4292 810 4359 aspera
831 4291 904 4338 cum
924 4271 1063 4338 ablativo
1086 4273 1206 4338 causali
1225 4271 1364 4337 construi
1387 4290 1462 4356 pro-

187 4365 266 4442 lecto
281 4386 396 4461 potest,
410 4377 468 4443 etsi
494 4376 716 4444 duriusculum
738 4378 816 4463 quid
840 4389 971 4464 propter
990 4378 1178 4444 brevitatem
1200 4378 1360 4457 sllicitum
1387 4378 1461 4463 jure

186 4483 286 4570 igitur
302 4484 528 4569 interpretatus
547 4496 594 4551 est
612 4485 797 4551 lacobsius:
819 4483 862 4550 ab
877 4483 1012 4550 deatera
1032 4487 1152 4570 (erant)
1166 4483 1238 4551 loca
1255 4497 1390 4573 propter·
1403 4505 1459 4547 13-

182 4610 262 4678 pem
280 4611 410 4678 aspera,
433 4601 465 4657 et
485 4591 646 4678 scriptura
670 4591 882 4678 plurimorum
901 4602 995 4676 atque
1017 4593 1210 4678 optimorum
1224 4592 1368 4659 codicum
1392 4609 1459 4655 ser·

185 4696 360 4763 vandaesl.
640 4698 643 4703 ’
