3314 5526
756 431 954 493 ——ddd—

210 580 252 647 tio
267 579 442 666 gerundivo
458 590 597 666 aptatur,
616 591 649 645 ut
662 600 744 667 saepe
760 580 845 666 apud
864 581 1003 656 Livium,
1018 581 1072 665 qui
1086 580 1182 645 etiam
1194 580 1404 668 participium
1421 601 1489 668 per·

209 689 325 754 lectum
346 687 459 774 passivi
477 688 521 752 sic
537 687 677 753 adhibet.

254 796 287 861 3ο
306 793 514 880 Participium
530 794 658 880 perlecti
678 795 908 860 nonnullorum
924 791 1154 883 deponentium
1172 794 1426 867 verborumcum
1444 816 1489 863 oo

208 902 271 967 tivo
286 922 381 967 sensu
401 901 548 987 usurpari
566 901 705 966 ablativo
719 901 864 966 absoluto
893 911 1004 966 notum
1024 909 1081 978 est,
1102 901 1155 966 sed
1174 901 1217 966 ita
1238 911 1360 967 tantum
1377 912 1415 967 nt
1430 903 1488 968 ob-

205 1008 323 1094 jectum
348 1009 475 1073 nullam
500 1008 701 1073 adhibeatur.
731 1007 903 1074 Sallustius
928 1016 1033 1073 tamen
1062 1007 1142 1073 lianc
1173 1009 1316 1092 regulam
1344 1010 1488 1094 neglexit

205 1116 221 1180 J
227 1137 277 1198 ug.
297 1116 373 1193 ton,
386 1117 418 1191 7,
435 1113 510 1180 dein
524 1112 621 1180 Stella
637 1113 749 1179 omnin
760 1112 910 1202 pollicito
925 1112 1023 1192 docti,
1039 1134 1104 1200 qno
1121 1112 1218 1179 modo
1231 1113 1378 1181 -verbn
1390 1115 1486 1203 sace·

205 1234 290 1302 rent,
306 1260 348 1269 —
364 1219 485 1287 ibidem
503 1219 732 1310 opperiuntur.

225 1356 227 1360 ’
250 1330 368 1395 Eorum
389 1328 632 1414 participibrum
647 1347 719 1393 num
734 1328 860 1413 passiva
874 1325 1106 1413 significatione
1127 1347 1214 1406 usus,
1232 1327 1287 1414 qui
1305 1326 1393 1414 apud
1412 1348 1487 1414 pos·

206 1435 337 1501 teniores
358 1445 481 1500 tantum
503 1436 673 1519 scriptores
696 1435 844 1520 frequens
862 1445 921 1513 est,
939 1433 1024 1518 apud
1040 1434 1231 1519 Sallustium
1247 1422 1485 1520 nonnunquam

206 1542 355 1619 occurrit,
371 1541 470 1607 veluti
492 1541 560 1607 Cat.
579 1543 612 1620 7,
632 1543 664 1620 3,
683 1538 803 1628 odcptn
825 1539 985 1619 libertate,
1003 1540 1045 1606 ad
1065 1560 1160 1626 quem
1182 1542 1285 1606 locum
1299 1541 1486 1608 Dielscbius

205 1648 294 1714 docet
305 1649 353 1713 bis
369 1649 519 1714 obsoletis
535 1648 645 1713 formis
658 1668 729 1713 usos
741 1668 807 1713 esse
822 1647 993 1733 scriptores
1005 1648 1035 1711 in
1050 1648 1167 1713 talibus
1180 1649 1482 1715 tantumlocutioni·

204 1756 277 1834 bus,
290 1776 361 1841 quac
372 1755 466 1840 vulgo
478 1755 614 1820 multum
627 1754 1024 1841 usurpataeconsuetudine
1035 1773 1072 1818 ex
1086 1754 1276 1839 antiquitate
1287 1753 1415 1820 traditae
1432 1774 1483 1823 es-

203 1873 289 1942 sent;
307 1861 562 1948 quapropterlric
582 1861 793 1926 arclta'ismom
816 1881 878 1926 non
899 1858 1130 1926 admittendum
1144 1861 1374 1933 esse.Kritzins
1389 1882 1479 1938 vero,

203 1970 258 2055 qui
279 1969 405 2054 copiose
420 1967 458 2034 de
474 1969 532 2033 bac
551 1989 584 2034 rc
604 1967 766 2046 disseruit,
791 1968 938 2052 Zumptio
963 1967 1108 2032 assentiri
1129 1988 1162 2033 se
1183 1987 1271 2054 posse
1291 1979 1400 2054 negat,
1419 1980 1481 2035 sta·

203 2076 304 2141 tuenti
321 2095 384 2141 non
400 2076 494 2162 plane
515 2075 674 2161 passivam
689 2095 755 2140 esse
771 2075 884 2140 talium
899 2074 1142 2160 participiorum
1161 2075 1237 2154 vim,
1255 2094 1356 2160 eoque
1373 2096 1391 2140 a
1410 2097 1482 2162 pro·

201 2182 284 2248 batis
302 2182 509 2268 scriptoribus
528 2192 720 2247 structuram
740 2181 953 2246 ablativorum
987 2181 1206 2246 absolutorum
1226 2181 1352 2260 evitari,
1372 2203 1480 2268 neque
1504 2259 1510 2265 ,

201 2289 366 2354 emendate
382 2310 400 2354 a
420 2289 575 2355 Sallustio
592 2287 653 2353 dici
671 2284 791 2376 adepta
807 2285 968 2366 libertate,
985 2297 1016 2352 ct
1035 2307 1054 2351 a
1071 2287 1160 2352 Livio
1175 2287 1230 2366 37,
1248 2288 1281 2367 8,
1305 2288 1344 2352 tt
1376 2287 1480 2355 classe

195 2395 337 2482 partito,
361 2406 392 2462 et
407 2396 462 2476 ⁶28,
478 2397 532 2475 tn,
554 2393 894 2483 llpartitocnercitn;
916 2394 983 2480 (sed
1004 2393 1178 2460 nicanor.
1197 2395 1273 2480 bg.
1297 2395 1352 2471 66,
1372 2395 1429 2466 33,
1449 2407 1480 2461 et

199 2503 278 2568 Sall.
296 2505 366 2588 Jug.
386 2503 440 2580 ts,
470 2503 500 2581 l,
526 2500 673 2567 ceresolas
692 2540 734 2550 -
757 2500 946 2590 prouincias
963 2500 1048 2566 inter
1061 2522 1094 2565 sc
1112 2499 1348 2588 pertinerent).
1375 2502 1479 2588 Cujus

198 2609 242 2674 mi
269 2620 302 2675 nt
320 2631 375 2694 per
394 2630 425 2674 sc
451 2603 631 2695 probabilis
649 2628 745 2674 causa
764 2608 898 2692 intelligi
920 2627 982 2673 nou
1006 2616 1118 2692 potest,
1142 2608 1184 2672 ita
1199 2609 1395 2673 contrarium
1418 2609 1477 2674 de-

197 2727 442 2782 monstraturos
456 2717 496 2780 iis
518 2716 605 2793 locis,
624 2716 742 2800 quibus
768 2714 857 2781 aliud
872 2735 969 2800 quam
985 2714 1181 2800 prateritum
1198 2725 1321 2800 tempus
1340 2715 1474 2800 legitur,

196 2824 283 2888 velut
306 2824 410 2888 Plaut.
430 2823 518 2888 Trin.
546 2824 579 2901 2,
598 2824 629 2900 2,
649 2822 704 2898 88,
722 2843 788 2887 raon
806 2833 913 2901 aetntc,
930 2842 1043 2886 oerum
1059 2819 1189 2908 inpendo
1205 2819 1402 2909 adipiscitur
1416 2845 1475 2888 sa·

192 2927 340 3017 pientin;
353 2929 389 3008 Q.
412 2929 491 2994 Fab.
516 2929 602 3014 apud
625 2928 780 2993 Priscian.
805 2949 872 3005 vnr,
898 2931 930 3005 l,
950 2927 989 2992 lb
1009 2928 1120 3012 (veter.
1140 2927 1251 2992 histor.
1269 2928 1399 3012 fragm,
1417 2929 1471 2994 cd.

195 3036 360 3101 Frotscber
378 3058 411 3112 n,
436 3036 469 3114 3,
485 3055 516 3121 p.
531 3035 624 3120 365),
641 3033 754 3100 omitti
774 3031 874 3122 qnam
893 3031 997 3122 apisci
1019 3034 1064 3119 (id
1081 3045 1127 3099 est
1140 3031 1305 3122 adipisci).
1321 3071 1367 3083 -
1380 3035 1474 3102 Adde

192 3140 382 3230 dilnrpitns,
400 3144 480 3209 Hist.
499 3165 521 3221 1,
541 3143 595 3220 36,
614 3140 753 3208 occiditis
766 3141 1031 3230 proscriptorum
1048 3138 1139 3206 donis
1154 3151 1214 3206 nttt
1228 3138 1393 3228 dilnrpitis
1412 3143 1471 3228 (ci.

192 3250 227 3316 C.
250 3251 440 3328 Gracchum,
458 3250 620 3317 Prisciano
642 3259 718 3316 teste
731 3250 787 3315 lib.
804 3253 886 3333 vni.)

234 3357 416 3423 Notandum
435 3369 602 3424 esttamen
619 3357 734 3442 smpius
749 3376 786 3422 ea
802 3356 971 3442 participia
992 3377 1009 3420 a
1023 3354 1176 3422 Sallustio
1191 3355 1256 3420 alia
1273 3365 1367 3440 atque
1384 3355 1474 3422 abla-

190 3464 246 3528 tivi
269 3465 406 3530 absoluti
431 3465 664 3531 constructione
689 3464 852 3549 usurpari,
876 3475 910 3529 nt
936 3464 968 3528 in
993 3463 1096 3548 prima
1124 3473 1214 3546 parte
1234 3462 1331 3549 liujus
1360 3465 1472 3549 operis

189 3567 341 3634 vidimus.
1456 3646 1465 3669 ι

234 3676 268 3740 4⁰
291 3675 458 3742 Ablativns
481 3676 646 3742 absolutus
671 3677 735 3742 vim
761 3675 949 3742 substantivi
973 3675 1119 3741 neutrius
1133 3676 1257 3760 generis
1281 3676 1472 3760 [requenter

188 3781 283 3848 habet
305 3782 390 3867 apud
406 3782 601 3861 Ciceronem
622 3784 862 3870 pracsertimque
876 3781 961 3869 apud
974 3782 1100 3848 Livium
1115 3792 1146 3848 ct
1160 3782 1320 3860 Tacitum;
1339 3783 1469 3850 Sallus-

187 3889 251 3955 tius
269 3900 380 3955 contra
399 3909 522 3976 semper
547 3891 612 3955 iere
634 3890 754 3976 (Caesar
775 3911 850 3956 vero
872 3890 1009 3976 sempor)
1035 3890 1116 3955 hanc
1139 3890 1273 3955 sormam
1299 3889 1465 3976 participii

187 4016 243 4082 pro
259 3996 409 4062 adverbio
424 4007 569 4082 usurpat,
586 4007 620 4063 ut
632 3995 778 4062 consulto
791 3999 873 4083 (lug.
891 3997 946 4074 66,
965 3999 1002 4075 5;
1019 3997 1073 4073 nt,
1091 3998 1138 4080 5).
1163 3997 1235 4062 Haec
1251 4007 1355 4062 tamen
1375 3998 1465 4081 apud

187 4103 376 4170 Sallustium
396 4106 541 4190 exempla
564 4105 683 4182 notavi,
702 4105 818 4191 quibus
833 4105 1037 4191 participium
1056 4105 1238 4170 absolutum
1253 4104 1462 4171 enuntiatum

185 4210 407 4277 secundarium
425 4232 481 4296 pro
497 4211 639 4296 subjecto
660 4213 755 4279 habet
772 4237 780 4278 z
797 4213 878 4279 Hist.
898 4235 927 4289 v,
946 4214 999 4291 ll,
1017 4211 1158 4299 lept'ones
1180 4209 1363 4279 Valeriana
1375 4232 1459 4278 com·

186 4327 272 4402 parto
296 4317 365 4405 lcpc
386 4317 530 4384 Gabinio
554 4319 748 4408 Bithyniam
772 4331 802 4386 ct
820 4322 964 4386 Pontum
979 4316 1107 4384 consuli
1118 4316 1247 4398 dotum,
1262 4339 1328 4393 sese
1342 4317 1463 4384 missos

182 4445 265 4503 essc3
286 4425 339 4511 (cl.
358 4427 430 4491 Tac.
448 4427 528 4491 Hist.
549 4447 590 4505 vv,
608 4428 686 4513 36);
708 4429 791 4518 illst,
807 4447 837 4506 v,
860 4428 914 4506 ld,
931 4437 967 4492 nt
984 4423 1154 4507 Lucullus,
1174 4425 1284 4492 audito
1299 4426 1338 4506 O.
1361 4426 1460 4492 Mar-

182 4531 269 4596 cium
284 4534 404 4619 dapem
420 4531 650 4620 proconsulem
664 4571 708 4584 -
728 4531 868 4600 tendere.

226 4640 260 4703 5⁰
279 4639 447 4705 Ablativus
472 4641 649 4719 absolutus,
669 4640 761 4727 cujus
780 4641 958 4728 subjectum
975 4641 1007 4706 in
1026 4639 1178 4726 primario
1198 4639 1368 4705 enunciata
1384 4660 1459 4705 ver-

181 4755 278 4811 setur.
305 4747 388 4831 apnd
411 4748 614 4819 Sallustium,
637 4759 672 4814 ut
696 4750 781 4836 apud
805 4759 923 4816 ceteros
943 4749 1042 4814 bonos
1063 4748 1244 4833 scriptores,
1272 4768 1365 4814 rarus
1394 4760 1453 4813 est.
