3314 5526
457 528 749 677 1666661
790 583 865 676 ar
906 580 1320 678 6661666661.

830 890 945 905 ——u-

284 1114 343 1162 Jam
354 1113 423 1177 typis
435 1113 585 1162 mundatum
595 1119 652 1162 6661
662 1114 710 1162 hoc
721 1112 884 1177 opusculum,
896 1128 974 1177 quum
987 1114 1105 1162 evolvere
1118 1112 1189 1164 licuit
1204 1129 1296 1163 recens
1309 1113 1452 1164 Riemauni
1468 1131 1540 1179 opus

255 1181 363 1254 (b'tudcs
376 1207 422 1242 sur
436 1193 463 1243 ta
476 1193 582 1258 bamque
595 1196 620 1243 61
635 1193 661 1243 16
676 1193 839 1243 Grammaire
853 1192 885 1243 de
900 1193 918 1241 Τ
919 1194 1041 1258 ite-Lice),
1059 1209 1088 1242 ex
1104 1208 1154 1257 quo
1168 1193 1290 1242 66666116
1304 1201 1406 1243 tantum
1426 1195 1475 1244 hic
1490 1195 1539 1244 ad·
1604 1190 1607 1195 ’

254 1273 340 1321 denda
353 1272 540 1336 decerpsimus.
553 1273 670 1322 dolentes
685 1272 754 1337 quod
766 1288 817 1321 666
831 1288 862 1321 66
875 1274 1001 1323 maturius
1016 1273 1053 1322 uti
1069 1273 1181 1331 licuerit;
1197 1273 1288 1323 eadem
1299 1273 1462 1323 declaranda
1478 1285 1539 1324 sunt

255 1352 287 1402 de
301 1353 396 1402 eximio
410 1353 519 1403 Jordani
533 1353 600 1403 libro
622 1353 762 1417 (Kritische
781 1355 915 1419 Reitrceqe
936 1369 984 1402 zur
999 1354 1146 1404 Geschr‘cbte
1163 1353 1209 1403 6161·
1224 1354 1391 1404 lateinisches
1407 1355 1538 1419 Sps-acha,

255 1429 350 1486 Berlin,
363 1431 442 1492 1879).
461 1430 576 1479 Primam
590 1437 688 1479 tantum
704 1430 821 1494 Draegeri
833 1430 892 1479 libri
904 1431 981 1492 (11161.
1002 1431 1104 1494 Sontas
1119 1430 1165 1480 der·
1182 1431 1227 1481 161.
1249 1431 1373 1496 Soractis)
1389 1433 1538 1483 editionem

257 1510 283 1557 in
297 1511 418 1561 manibus
432 1510 581 1560 habuimus.

256 1716 285 1769 P.
300 1731 319 1782 1,
339 1712 359 1778 l,
369 1716 395 1781 3,
407 1730 458 1784 pro
469 1715 574 1784 duplici
585 1718 696 1784 puncto,
705 1730 774 1784 pone
781 1730 866 1784 punc·
1001 1716 1066 1773 tum
1079 1714 1213 1785 (66666111)
1226 1712 1473 1770 assimilationem
1485 1729 1541 1788 pa-

341 1808 409 1858 tum.
1003 1802 1081 1870 titur,
1104 1806 1135 1858 ut
1148 1801 1245 1876 placet
1258 1802 1399 1871 tordano,
1418 1801 1468 1858 oui
1488 1806 1538 1859 16-

292 1922 326 1930 —
338 1889 358 1946 l.
378 1894 419 1957 12,
432 1896 497 1961 post
508 1895 743 1964 programmata,
758 1893 865 1947 subdis·
1004 1890 1236 1962 cobsiusaliique
1246 1890 1540 1958 assentiunturfflie

340 1984 497 2035 tinctionem
507 1998 588 2051 pone.
1003 1979 1114 2035 tschius
1124 1996 1193 2036 vero
1201 1982 1315 2049 66666611
1320 1979 1422 2037 scribit
1428 1984 1539 2037 contra

293 2099 326 2108 —-
338 2066 358 2123 l.
377 2071 419 2136 11,
436 2070 494 2124 dcte
513 2085 615 2124 commo
626 2074 690 2140 post
704 2069 802 2125 visum
813 2073 865 2126 661.
1003 2066 1187 2141 optimorum
1203 2066 1341 2123 codicum
1355 2064 1459 2122 fidem.

293 2173 323 2225 11,
336 2155 355 2211 l.
375 2159 417 2223 19,
429 2173 482 2226 pro
500 2159 577 2222 1868,
594 2160 650 2226 1666
666 2175 672 2211 :
692 2160 769 2212 1866.
955 2188 989 2196 -
1001 2155 1019 2211 1.
1033 2159 1078 2224 29,
1089 2173 1141 2226 pro
1155 2154 1301 2229 scripisse,
1314 2157 1383 2223 troc:
1398 2154 1538 2227 scripsis-

284 2260 324 2311 111,
337 2242 356 2298 l.
374 2246 418 2312 26,
432 2249 496 2313 post
517 2244 638 2309 Jordan,
660 2246 868 2300 subdistinctio·
1005 2261 1046 2301 se.

342 2349 402 2387 uem
411 2350 498 2403 pooe;
509 2338 611 2406 itemp.
621 2337 646 2401 2,
657 2332 676 2388 l.
689 2335 715 2401 1,
723 2338 786 2403 post
797 2338 867 2403 epis-
955 2364 987 2372 -
1001 2332 1020 2388 l.
1035 2335 1080 2401 35,
1099 2333 1154 2386 tac
1175 2333 1248 2387 oddo
1271 2347 1277 2385 :
1300 2329 1466 2386 Dictschius
1488 2329 1538 2386 hic

236 2418 248 2441 ⁸
345 2423 416 2484 1616·
426 2437 455 2493 p.
470 2420 527 2488 3,1.
544 2424 570 2488 3,
584 2427 648 2477 6616
662 2424 869 2490 neclegentiam
1003 2417 1540 2493 sempersibiconstaniemorthogra·

340 2515 404 2565 6616
426 2510 619 2581 intellegitur3
634 2511 654 2567 1.
670 2513 713 2576 31,
734 2516 799 2582 post
810 2529 870 2567 con·
1004 2507 1109 2580 phiam
1128 2506 1252 2581 accepit,
1268 2506 1378 2579 quippe
1391 2505 1536 2578 661666-

341 2601 463 2660 6611666·
489 2613 519 2670 p.
545 2600 571 2665 1,
595 2597 614 2652 l.
636 2600 679 2666 25,
698 2602 761 2653 cato
782 2600 871 2669 Aspe·
1007 2611 1100 2668 quam
1114 2595 1358 2651 assimilationem
1370 2594 1536 2652 admiserit.

345 2699 421 2738 rum.
800 2709 801 2713 ,
1005 2682 1154 2740 tordanus
1169 2686 1273 2738 contra
1285 2682 1419 2739 codicem
1430 2683 1539 2739 Sorho

258 2774 287 2827 P.
304 2775 329 2839 1,
342 2770 362 2826 1.
375 2775 418 2838 23,
437 2789 489 2842 pro
508 2777 631 2833 astumo,
651 2775 706 2842 1666
723 2791 729 2828 :
748 2779 869 2829 astumo.
1007 2769 1109 2825 nicum
1134 2769 1311 2843 plerumque
1332 2772 1450 2824 secutus
1470 2785 1538 2825 6666

304 2860 364 2928 2,1.
378 2862 393 2914 3
418 2864 508 2928 notae,
523 2877 625 2916 comino
633 2879 706 2932 pone
714 2868 779 2932 post
791 2861 870 2919 test'-
1007 2856 1138 2913 videtur:
1153 2857 1262 2912 etenim
1277 2855 1301 2911 si
1312 2861 1474 2911 commeatus
1484 2856 1537 2912 161-

344 2947 491 3006 monium.
1007 2947 1065 3003 hus
1075 2946 1148 3002 locis
1164 2945 1265 3001 scribit
1281 2946 1352 3015 (Cat.
1369 2947 1412 3013 58,
1426 2948 1453 3012 93
1466 2947 1536 3016 ing.

304 3037 330 3102 3,
343 3035 362 3091 l.
375 3039 401 3103 9,
416 3038 674 3093 subdistinctionem
685 3039 872 3094 616166166Ρί6
1007 3039 1049 3104 28,
1063 3041 1093 3101 7,
1111 3038 1154 3103 36,
1168 3035 1203 3106 1),
1220 3038 1374 3088 conmeatus
1387 3033 1478 3089 hahet
1489 3049 1537 3088 ce-

343 3121 414 3177 6166.
1006 3124 1076 3181 16616
1091 3127 1158 3178 6616
1174 3122 1257 3189 16616,
1282 3123 1358 3177 16166
1379 3137 1455 3194 6666
1471 3123 1537 3192 Jng.

294 3211 358 3266 -1,
375 3214 416 3280 16,
435 3213 490 3266 hac
502 3213 573 3267 cide
587 3229 594 3266 ε
607 3213 736 3270 Priscam
748 3215 872 3288 scriptu·
892 3206 894 3210 ’
1010 3214 1069 3278 199,
1097 3215 1120 3278 1,
1146 3209 1206 3278 uhi,
1229 3209 1254 3264 si
1276 3207 1421 3265 1116166616
1443 3208 1538 3264 fidem

342 3315 407 3354 ram
415 3304 501 3372 cipro
515 3305 534 3370 i,
549 3316 616 3373 6666
627 3296 683 3357 661)
693 3302 785 3358 finem
795 3302 872 3359 Cice-

343 3387 477 3443 ronianae
497 3387 591 3444 aetatis
611 3386 733 3459 periisse
754 3389 871 3446 videtur

343 3475 390 3546 (61.
405 3474 528 3541 Jordan,
543 3476 824 3547 116111661636116666,
841 3495 870 3552 p.

343 3562 417 3632 231),
438 3579 456 3618 6
473 3562 609 3632 Sallustio
624 3579 688 3620 666
706 3563 871 3622 adhibitam

343 3649 434 3707 fuisse
450 3651 609 3708 verisimile
621 3656 683 3720 est3
699 3668 772 3710 nam
790 3654 873 3712 nulla

343 3738 468 3810 vestigia
479 3740 615 3813 praebent
627 3740 754 3811 codices,
769 3758 873 3815 quam-

344 3843 437 3900 quam
445 3826 791 3902 iidemuproiplurihus
800 3830 873 3887 locis

345 3915 495 3973 exhibent.
512 3915 598 3980 Quod
610 3921 711 3974 autem
725 3919 875 3976 Suasoria·

344 4020 414 4060 rum
424 4002 464 4060 ad
473 4005 621 4061 Caesarem
631 4009 741 4064 Auctor
750 4009 874 4068 6666166

344 4097 471 4166 6666166
480 4093 875 4167 usurpathocnihiladsal-

344 4179 508 4238 lustianum
534 4198 624 4238 usum
647 4182 744 4239 facere
765 4191 872 4259 potest,

348 4286 443 4343 quum
465 4270 598 4328 rhetores
614 4275 643 4328 et
661 4274 874 4343 grammaticos

346 4357 519 4431 posterioris
547 4359 641 4416 aetatis
674 4364 789 4419 constet
817 4363 875 4420 hac

347 4447 496 4521 scriptura
510 4449 596 4523 quasi
617 4455 726 4508 ornatu
740 4451 874 4524 quodam

295 4552 297 4556 ⁷
346 4532 491 4590 orationis
500 4552 571 4592 usos
581 4553 655 4593 csse.

300 4650 333 4660 -
345 4620 363 4675 1.
374 4623 417 4688 21,
433 4624 518 4678 odda:
528 4627 606 4680 16166
617 4626 707 4683 verba
715 4641 752 4682 ex
760 4642 876 4699 praepo-

348 4707 453 4765 sitione
465 4712 689 4786 (616666666116,
702 4731 797 4770 unum
809 4719 874 4772 tan-

1008 3301 1221 3367 adhibeamus,
1240 3298 1334 3355 codex
1354 3297 1538 3355 Sorhonicus

1008 3389 1048 3461 (Ρ)
1056 3393 1231 3443 commeatum
1241 3386 1368 3454 exhibet,
1382 3389 1410 3441 61
1420 3385 1492 3442 Η161.
1506 3403 1536 3455 6,

1008 3483 1051 3548 59,
1070 3484 1096 3547 7,
1111 3477 1163 3534 ubi
1178 3477 1209 3533 in
1222 3477 1363 3534 Vaticano
1373 3482 1538 3532 commeatus

1008 3583 1072 3623 6666
1083 3565 1213 3623 affirmat
1224 3565 1396 3622 [1161661666.
1408 3596 1442 3605 -
1456 3564 1539 3622 Simi-

1007 3656 1074 3713 liter
1097 3657 1237 3725 tmpcdire,
1263 3671 1331 3726 quae
1351 3652 1499 3727 scriptura
1521 3670 1540 3708 a

1009 3744 1115 3801 Kritzio
1122 3743 1293 3799 eitacohsio
1302 3746 1474 3798 constanter
1481 3758 1541 3798 ser-

1008 3837 1106 3900 vatur,
1116 3830 1198 3904 apud
1205 3831 1371 3886 tordanum
1379 3828 1473 3886 sexies
1484 3835 1539 3897 661,

1009 3922 1174 3992 6116666166
1192 3920 1309 3993 septies
1329 3920 1426 3984 Quum
1442 3918 1539 3974 tribus
1558 3972 1562 3980 ,

1009 4006 1081 4064 16616
1093 4010 1168 4079 (ing.
1180 4011 1223 4076 35,
1232 4010 1332 4075 mibi
1344 4012 1372 4063 61
1382 4006 1459 4075 865)
1469 4009 1489 4061 Ρ
1499 4011 1542 4060 16-

1007 4098 1102 4168 pedire
1112 4096 1142 4151 in
1153 4097 1284 4167 1666661166
1294 4099 1460 4151 correctum
1470 4093 1541 4149 affe-

1009 4189 1054 4240 rat
1064 4183 1259 4254 (nietschius),
1270 4186 1284 4240 1
1286 4181 1419 4238 ordanus
1433 4180 1541 4238 ultimo

1011 4276 1130 4329 tantum
1141 4272 1208 4329 loco
1225 4274 1357 4343 1661661166
1376 4269 1487 4325 scribit.
1506 4300 1541 4310 -

1012 4360 1092 4417 [dem
1102 4363 1211 4429 inpetus
1222 4358 1314 4415 semel
1324 4363 1440 4414 tantum
1448 4357 1482 4427 (1.
1494 4358 1540 4423 31,

1013 4449 1036 4518 1)
1054 4446 1179 4515 admitit,
1196 4446 1298 4502 ceteris
1317 4443 1540 4501 6661661666-

1007 4542 1103 4609 petus,
1128 4535 1443 4592 similitercoumorotus
1465 4533 1539 4602 (Cat.

1010 4629 1054 4692 59,
1078 4625 1102 4695 1)
1119 4629 1147 4681 61
1165 4630 1343 4679 commoratus
1358 4625 1485 4695 (116136,
1500 4624 1538 4690 1).

1010 4719 1145 4772 Ceterum
1171 4714 1219 4770 hic
1238 4714 1331 4787 quaeri
1349 4717 1446 4787 potest
1466 4728 1540 4768 num
