3314 5526
736 445 936 502 -t't5-

189 587 241 651 uti
259 584 369 652 elecem
384 585 488 674 lopati
500 608 651 676 requam,
669 586 760 675 quod
777 588 919 679 Micipsa
938 587 1139 676 optinuerat,
1161 589 1246 654 iuter
1261 588 1462 677 lupurtltam

187 692 452 760 etAtllzerltalem
467 692 670 772 diuidereut3
687 697 742 772 29,
761 698 797 773 1;
815 697 869 775 35,
888 699 924 776 1;
943 698 998 769 51,
1019 700 1054 775 1;
1072 696 1127 775 63,
1147 698 1181 771 1;
1200 697 1255 773 93,
1275 699 1290 762 1
1309 699 1388 777 et63
1403 699 1460 776 97,

129 826 132 832 ·
187 801 224 879 3;
243 801 317 877 too,
334 801 367 878 3,
383 802 421 867 ad
437 820 531 888 quem
552 803 701 868 ultimum
722 805 825 869 locum
844 804 1015 888 Herzogius
1028 802 1217 869 Sallustium
1232 804 1290 869 hoc
1307 804 1460 889 loquendi

187 927 286 992 genus
304 910 353 973 vel
375 918 498 974 natura
519 910 743 995 propensione,
764 913 813 975 vel
834 911 953 996 priscos
973 921 1116 976 auctores
1134 902 1279 975 imitandi
1299 914 1464 977 voluntate

189 1014 372 1080 adhibuisse
388 1015 475 1081 dicit.
499 1016 537 1080 tt
554 1017 582 1081 J.
609 1016 664 1092 81,
693 1017 723 1096 1,
749 1018 915 1083 Romanos
935 1015 1087 1105 injustos,
1105 1014 1283 1105 prosrtnda
1301 1017 1461 1097 auaritia,

188 1120 371 1187 communis
387 1125 537 1188 eutitium
551 1121 652 1188 bostis
666 1144 747 1200 esse;
763 1122 900 1190 eandem
913 1121 987 1188 illos
1001 1143 1137 1189 causam
1159 1121 1321 1190 bellicum
1334 1122 1462 1190 noceto

187 1227 319 1309 liabere,
333 1249 435 1315 quam
444 1250 553 1295 seeum
567 1240 683 1296 etcum
693 1229 769 1295 aliis
778 1229 941 1318 pentibus,
956 1228 1137 1294 lubidinem
1148 1228 1375 1319 imperitandi,
1388 1230 1464 1319 quis

189 1334 302 1400 omnia
327 1356 429 1422 repua
453 1333 596 1401 advorsa
620 1338 695 1415 sint,
717 1338 888 1415 lordanus,
908 1336 1100 1408 Dietschius,
1129 1337 1280 1412 Kritzius,
1301 1338 1465 1404 lacobsius

189 1443 425 1528 conjunctivum
440 1443 558 1509 habent
571 1463 608 1509 ex
620 1445 833 1529 plurimorum
844 1445 1100 1530 optimorumque
1109 1443 1251 1533 codicum
1265 1445 1462 1520 auctoritate,

190 1550 243 1614 ubi
258 1550 478 1616 Radstuebner
493 1550 702 1616 indicativum
717 1551 846 1629 scribit3
863 1551 1013 1617 similiter
1027 1551 1082 1630 38,
1097 1551 1130 1628 9,
1151 1548 1282 1631 (deiude
1298 1548 1464 1638 inperitia

190 1694 230 1704 -
251 1654 351 1721 uerba
368 1655 483 1743 facit:
510 1657 642 1724 tametsi
668 1657 778 1746 ipsum
799 1693 843 1707 -
864 1667 997 1735 teneret,
1028 1669 1139 1722 tamen
1167 1677 1212 1735 se,
1237 1657 1334 1746 -si
1355 1679 1464 1724 secum

148 1772 151 1777 '
186 1760 299 1849 sadus
315 1762 455 1849 faceret,
481 1763 655 1829 incolumis
677 1767 783 1829 omnis
811 1762 871 1829 sub
888 1763 1015 1852 jupam
1033 1766 1237 1847 missurum),
1263 1774 1346 1828 leuet
1370 1766 1466 1850 scrip

189 1881 262 1935 tura
288 1870 481 1955 optimorum
501 1869 658 1949 codicum,
680 1891 777 1956 quam
797 1871 1051 1937 Radstuebnerus
1067 1871 1251 1937 dubitanter
1271 1871 1423 1952 admittit,
1446 1893 1465 1937 a
1489 1862 1491 1868 ’

189 1977 351 2062 plerisque
369 1977 519 2061 rejectum
538 1989 596 2052 ast,
615 1978 709 2043 credo
729 1978 806 2062 quia
826 1978 1051 2043 secundarium
1067 1978 1280 2043 ¹enunciatum
1304 1979 1389 2062 quod
1414 1999 1465 2044 se-

190 2083 302 2170 quitur
318 2081 360 2168 (si
371 2092 485 2148 sacient
493 2081 606 2171 sadus
623 2083 763 2170 (aeaut)
781 2084 1018 2171 conjunctivum
1034 2084 1174 2150 baberet.

794 2289 861 2357 Vll.

605 2462 806 2518 Nominativus
820 2479 886 2517 cum
901 2462 1053 2517 infinitivo.

235 2623 337 2710 Hujus
352 2623 596 2689 constructionis
609 2643 700 2688 nsum
714 2622 825 2709 priscis
840 2624 1048 2708 scriptoribus
1060 2642 1123 2688 non
1135 2623 1250 2707 ignotae
1261 2624 1463 2689 multumax·

192 2732 323 2818 plicavit
334 2731 467 2795 imitatio
483 2731 665 2797 Graecorum
684 2753 696 2794 :·
707 2749 778 2794 cnm
794 2730 901 2794 verbis
915 2728 1045 2814 quidem
1060 2729 1244 2795 declarandi
1259 2729 1464 2795 etsentiemli

193 2838 277 2925 apud
294 2838 462 2924 scriptores
477 2839 589 2902 soluta
606 2837 759 2902 orationis
775 2838 865 2903 bonu
881 2838 983 2909 aetatis
1003 2857 1065 2902 non
1083 2839 1256 2914 invenitur,
1273 2838 1326 2903 sed
1342 2847 1466 2904 tantum

192 2944 276 3030 apud
290 2954 412 3029 poetas3
431 2964 502 3009 cum
519 2943 623 3008 verbis
638 2944 857 3028 vero'passivis
871 2944 1018 3008 omnibus
1031 2944 1227 3028 temporibus
1240 2944 1392 3009 usitatum
1404 2954 1463 3022 est,

193 3052 364 3118 aSallustii
379 3060 483 3116 tamen
494 3061 587 3115 atate
597 3062 754 3116 crescente
768 3071 840 3115 usu.
859 3051 944 3116 Inter
955 3069 992 3114 ea
1003 3050 1111 3126 verba,
1127 3050 1192 3114 haec
1203 3052 1375 3135 praecipue,
1393 3070 1464 3135 quan

192 3157 277 3243 apud
299 3158 488 3224 Sallustium
508 3157 813 3222 illaconstructione
828 3165 1011 3234 occurrunt,
1028 3155 1167 3220 notanda
1187 3155 1358 3222 videntur:
1378 3157 1466 3222 Cou-

191 3265 316 3344 oineor,
336 3267 473 3348 primum
490 3265 558 3329 Cat.
577 3264 631 3336 52,
649 3263 703 3335 36,
721 3283 796 3327 cum
810 3261 960 3348 -eique
975 3259 1097 3326 iudicio
1114 3264 1148 3326 t.
1176 3260 1322 3328 Volturci
1335 3274 1368 3328 et
1381 3262 1466 3350 lepa-

192 3383 301 3436 torum
318 3368 536 3458 Allobropum
550 3369 683 3435 convicti
706 3368 904 3453 confessique
919 3367 987 3433 sint
1004 3366 1136 3446 cadem,
1155 3366 1307 3433 incendia
1327 3366 1480 3456 aliaque*

191 3484 246 3559 [se]
260 3446 355 3565 faida
374 3488 472 3565 atque
494 3474 643 3541 crudelia
654 3475 812 3563 facinora
832 3475 867 3539 iu
886 3474 965 3540 ciuis
972 3473 1191 3564 patriamque
1198 3474 1386 3564 paravisse,
1408 3476 1463 3542 ubi

191 3596 296 3650 tamen
323 3584 435 3670 optimi
464 3583 586 3650 codices
609 3603 643 3647 se
669 3602 842 3668 pronomen
869 3582 997 3661 liabent,
1025 3583 1157 3647 fortasse
1186 3592 1316 3668 propter
1335 3583 1465 3648 verbum

191 3692 276 3778 quod
288 3692 444 3778 sequitur,
462 3689 603 3776 confessi
610 3700 698 3754 sunt.
715 3727 757 3738 —
768 3689 879 3765 Dicor,
898 3689 1046 3774 frequens
1057 3689 1140 3773 aputl
1153 3709 1277 3769 omnes3
1292 3690 1376 3774 apud
1388 3690 1465 3755 Nos·

193 3809 276 3864 trum
294 3818 365 3863 vero
380 3799 448 3863 Cat.
468 3799 522 3873 11,
541 3797 623 3875 3‚ea
634 3806 825 3885 tempestate
827 3792 1006 3883 plurumos
1016 3793 1176 3882 cujusque
1186 3795 1310 3883 petieris
1322 3795 1466 3861 bominis

139 3890 147 3895 ⁸
191 3903 366 3971 adscivisse
380 3902 444 3969 sibi
467 3901 680 3983 atilianus,
707 3904 832 3986 331ug.
850 3903 882 3979 9,
900 3904 935 3981 1;
965 3902 1039 3978 113,
1063 3907 1101 3979 3;
1125 3903 1195 3968 Cat.
1222 3902 1276 3980 13,
1302 3903 1336 3980 2,
1352 3899 1410 3966 secl
1427 3923 1466 3966 ea

191 4009 298 4078 diuisa
316 4011 378 4076 loc
392 4008 489 4075 niodo
505 4007 711 4089 dicebantur,
726 4010 780 4075 ubi
802 4029 868 4074 esse
886 4009 1103 4094 supplendum
1124 4009 1177 4093 (cl.
1194 4011 1221 4074 l.
1242 4009 1296 4086 75,
1314 4009 1365 4092 7);
1381 4009 1465 4073 simi·

193 4119 348 4203 literlug.
363 4118 418 4196 17,
432 4118 464 4195 7,
477 4115 537 4203 qui
549 4115 635 4203 repis
644 4114 845 4203 Hiempsalis
856 4112 1224 4192 mechaniam-Feror,
1240 4117 1377 4200 primum
1391 4115 1463 4200 lug.

191 4225 248 4302 61,
266 4225 298 4302 1,
315 4245 354 4289 ac
363 4233 479 4311 pastea
488 4223 607 4311 sapius
618 4219 733 4287 cadem
738 4219 924 4309 postulanti
927 4221 1038 4309 fertur
1048 4219 1179 4301 desisse,
1194 4222 1235 4287 cl.
1250 4222 1266 4286 J
1270 4241 1321 4307 ug.
1335 4221 1391 4299 35,
1405 4221 1463 4299 103

192 4333 248 4407 30,
265 4333 298 4410 2,
313 4331 366 4395 ubi
385 4351 450 4395 esse
465 4329 690 4414 supplendum.
707 4364 752 4377 -
767 4325 911 4407 Habea,
933 4348 1005 4394 cum
1030 4329 1212 4414 participio,
1239 4328 1366 4394 sublato
1386 4348 1464 4406 esse,

193 4438 251 4520 (z
262 4438 384 4523 putor),
397 4437 478 4502 Hist.
496 4457 540 4515 1v,
552 4437 607 4512 56,
620 4433 798 4522 multisque
807 4432 1046 4522 suspicionibus
1055 4432 1198 4500 volatitia
1205 4433 1302 4524 plebi
1312 4433 1466 4521 facturus

191 4540 388 4608 habebatur.
407 4544 469 4629 (Cl.
487 4543 585 4608 Tacit.
605 4561 680 4608 ann.
699 4544 731 4620 1,
749 4541 880 4619 45312.
899 4542 964 4624 15).
982 4541 1138 4607 Similiter
1151 4553 1255 4630 putor
1268 4543 1340 4624 lug.
1358 4542 1414 4620 81,
1433 4541 1465 4620 3,

193 4647 275 4738 quia
291 4669 397 4736 neque
405 4647 502 4739 plebi
518 4648 640 4715 militia
664 4645 788 4713 volenti
797 4646 989 4738 putabatur
1004 4658 1036 4713 et
1052 4647 1182 4715 Marius
1198 4659 1259 4722 aut
1279 4646 1357 4713 belli
1369 4667 1467 4712 usum

193 4753 256 4822 aut
264 4753 375 4822 studia
385 4755 475 4845 volpi
484 4756 683 4834 amissurus,
695 4756 736 4820 cl.
752 4754 827 4832 103,
840 4756 872 4819 6.
888 4755 1120 4845 —Suspectus
1133 4755 1219 4841 (Vid.
1234 4774 1306 4840 sup.
1320 4775 1351 4839 p.
1372 4754 1464 4839 171).
