3314 5526
732 426 932 524 sst83-

193 568 373 657 toparcha,
389 568 450 656 qai
461 580 558 636 aetate
572 580 605 635 et
616 568 780 658 sapientia
788 567 888 657 prior
902 589 946 648 es,
962 589 1004 633 ne
1023 566 1120 632 aliter
1132 564 1215 654 quid
1227 565 1366 647 eueniet,
1380 589 1464 656 pro-

192 674 303 770 uidere
321 675 428 757 decet;
442 677 498 757 85,
519 678 552 756 9,
568 674 663 758 milti,
680 676 740 763 qui
758 697 888 741 omnem
906 684 1035 741 aetutem
1050 673 1087 738 itt
1102 673 1244 761 optumis
1257 672 1385 740 ortibus
1397 673 1463 762 epi,

194 782 273 849 bene
290 789 399 868 facere
415 784 493 871 jum
513 805 553 848 ec
575 780 808 849 consuetudine
829 781 864 847 in
888 794 1046 846 notrorum
1070 779 1186 861 vortit;
1206 781 1284 847 Hist.
1307 802 1329 855 1,
1358 783 1413 858 to,
1430 783 1463 858 2,

192 888 350 958 satellites
364 888 499 977 quidem
512 890 585 977 ejus
598 926 643 940 —
656 910 780 977 nequeo
795 889 875 955 satis
888 887 1020 966 mirari,
1036 887 1096 975 qni
1112 885 1347 953 dominationis
1360 888 1396 953 in
1410 909 1467 955 nos

191 996 363 1063 seruitium
380 1018 478 1062 suom
501 995 683 1063 mercedem
703 995 798 1075 dont,
821 1007 852 1062 et
876 1006 1053 1082 tetrumque
1069 993 1318 1084 perinjurium
1335 993 1467 1060 molunt

193 1125 296 1191 quum
315 1114 450 1191 optumo
462 1103 543 1191 jure
559 1102 656 1169 liberi
675 1123 784 1190 opere.
812 1103 873 1184 Qui
892 1102 1017 1169 dicendi
1033 1102 1157 1179 modus,
1176 1101 1261 1186 apud
1277 1103 1466 1168 Sallustium

192 1211 434 1291 usitatissimus,
452 1211 485 1276 in
498 1211 554 1277 hoo
567 1211 722 1276 rationem
736 1210 853 1277 habere
865 1209 1004 1288 videtur,
1023 1208 1105 1294 quod
1123 1208 1257 1293 scriptor
1276 1207 1345 1286 ille,
1359 1227 1465 1292 quem-

192 1317 366 1384 admodum
382 1318 512 1383 omnino
527 1319 607 1383 solet
622 1319 667 1382 ita
680 1317 851 1384 enunciata
866 1316 949 1381 inter
964 1335 996 1380 se
1010 1315 1200 1401 conjungere
1216 1325 1251 1378 ut
1263 1314 1363 1401 magis
1375 1314 1466 1399 juxta

192 1425 326 1490 collocet
341 1444 437 1508 quam
462 1425 546 1491 inter
567 1444 600 1490 se
624 1435 739 1502 nectat,
756 1423 800 1489 sic
822 1423 853 1488 in
875 1421 1157 1489 enunciatiooibus
1178 1440 1304 1508 quoque
1325 1421 1465 1490 relativis
1498 1451 1500 1454 ’

191 1550 265 1615 quae
284 1550 414 1596 causam
429 1531 593 1596 continent
608 1531 739 1597 alterius
754 1530 813 1610 rei,
829 1530 913 1595 hunc
930 1530 1090 1594 internum
1105 1528 1336 1594 sententiarum
1349 1547 1465 1593 nexum

191 1657 255 1703 non
277 1637 482 1722 grammatice
497 1637 662 1722 exprimit,
686 1636 739 1703 sed
762 1637 951 1721 simpliciter
971 1635 1003 1701 id
1019 1636 1104 1721 quod
1121 1654 1250 1700 causam
1267 1633 1399 1700 alterius
1420 1633 1464 1698 rei

147 1830 149 1835 Ι
191 1744 332 1809 continet
353 1755 505 1831 tanquam
530 1743 648 1810 lactum
669 1743 799 1829 aliquod
818 1743 906 1830 juxta
933 1743 1025 1808 illam
1045 1763 1124 1821 rem,
1150 1761 1247 1829 quam
1273 1741 1312 1807 ad
1337 1760 1464 1807 causam

191 1870 282 1916 suam
304 1852 415 1916 referri
439 1853 520 1923 vult,
542 1852 688 1930 collocat,
715 1851 758 1916 ita
778 1867 825 1929 ut,
843 1850 897 1934 qui
924 1849 1007 1914 inter
1028 1860 1195 1935 utramque
1211 1869 1276 1914 rem
1293 1847 1466 1912 intercedat

191 1957 330 2023 causalis
347 1977 444 2022 nexus
467 1959 597 2042 legentis
618 1958 667 2023 vel
685 1956 844 2023 audientis
856 1956 979 2042 judicio
999 1956 1176 2022 eruendum
1197 1955 1409 2040 relinquatur.
1427 1955 1466 2019 Et

193 2065 224 2129 in
242 2064 309 2129 illis
323 2063 454 2151 quidem
472 2064 636 2148 exemplis,
656 2075 891 2149 argumentum,
904 2062 989 2148 quod
1005 2063 1230 2128 enunciatione
1244 2061 1377 2127 relativa
1390 2080 1465 2126 con-

192 2173 323 2249 tinetur,
346 2171 472 2235 interno
500 2171 628 2235 vinculo
654 2170 789 2235 cohaeret
813 2188 884 2235 oum
913 2169 1035 2235 actione
1058 2170 1153 2235 verbo
1182 2168 1272 2233 linito
1303 2166 1465 2253 primariae

192 2277 356 2342 sententiat
371 2275 525 2356 indicata3
548 2287 580 2341 at
595 2276 627 2341 in
641 2276 834 2361 quibusdam
850 2276 922 2341 aliis
940 2275 1027 2355 locis,
1044 2276 1265 2361 conjunctivus
1276 2294 1337 2340 non
1356 2275 1400 2339 ita
1413 2293 1465 2338 ne·
1522 2284 1525 2292 '

191 2384 347 2449 cassarius
363 2382 502 2458 videtur,
525 2384 643 2468 quippe
659 2383 776 2468 quibus
797 2402 859 2447 non
877 2403 972 2448 causa
994 2383 1062 2467 ipsa
1086 2383 1131 2448 rei
1155 2382 1465 2464 contineaturaqua

193 2491 224 2554 in
241 2490 336 2556 verbo
351 2490 551 2566 tinitoinsit,
578 2490 632 2555 sod
654 2489 757 2574 potius
779 2509 816 2553 oa
833 2509 882 2554 res
903 2488 993 2574 cujus
1008 2490 1274 2572 contemplatione
1292 2488 1462 2574 judicium,

191 2596 274 2682 quod
299 2597 436 2680 scriptor
463 2596 606 2680 protulit,
624 2594 762 2680 quodam
787 2596 879 2661 modo
896 2609 1007 2661 natum
1032 2597 1083 2671 sit,
1101 2615 1148 2661 ex.
1171 2616 1219 2681 gr.
1239 2618 1246 2658 ε
1268 2596 1338 2680 lug.
1357 2594 1411 2671 3l,
1430 2595 1463 2671 2,

190 2712 228 2769 ut
242 2701 332 2768 oobt's
347 2701 479 2768 unimus
493 2701 535 2768 at
556 2700 691 2790 ipnaot'u
704 2712 803 2789 utque
816 2699 966 2768 socordio
981 2715 1162 2791 consaeptus
1175 2701 1230 2782 sit,
1246 2700 1306 2788 qni
1317 2721 1359 2766 ne
1377 2721 1465 2764 nurse

191 2807 326 2896 quidem
347 2807 497 2875 obooct't's
520 2808 662 2875 ittimict‘s
687 2808 860 2896 eaurqt'tt's,
886 2819 985 2896 utque
1009 2810 1110 2875 etium
1138 2830 1225 2874 nunc
1250 2805 1369 2873 timetis
1396 2827 1461 2884 eos,

190 2913 309 3002 quibus
324 2913 414 2982 decet
427 2915 547 2982 terrori
560 2936 636 2996 esse,
655 2917 709 2982 ulti
723 2936 786 2981 non
800 2936 930 2982 causam
944 2916 1171 3001 corruptionis,
1188 2914 1242 2980 sed
1259 2914 1364 2999 potius
1384 2933 1463 2992 rem,

189 3043 255 3106 qua
269 3033 435 3107 corruptos
449 3025 533 3088 cives
555 3043 622 3088 esse
637 3024 780 3107 cognosci
804 3034 904 3107 potest
921 3025 969 3088 vel
988 3034 1071 3088 certe
1091 3022 1299 3087 confirmatur
1315 3021 1397 3086 illud
1408 3020 1420 3106 j
1427 3041 1464 3084 u-

190 3112 324 3208 dicium,
339 3129 498 3195 sententia
519 3130 653 3194 relativa
667 3129 810 3207 exhibet3
829 3130 897 3195 Cat.
916 3130 970 3208 ot,
998 3130 1052 3209 ld,
1065 3129 1218 3217 profecto
1238 3127 1342 3193 uirtus
1367 3137 1466 3213 utque

188 3234 351 3323 supientia
374 3234 487 3323 major
504 3234 539 3301 in
560 3233 624 3300 illis
636 3235 718 3324 fuit,
735 3234 795 3322 qui
815 3256 855 3300 ec
864 3233 983 3323 porois
1006 3233 1123 3322 opibus
1142 3245 1272 3299 tontum
1286 3232 1464 3322 imperium

187 3342 307 3430 fecere,
325 3363 427 3429 quom
451 3341 486 3408 itt
504 3340 609 3420 ttobt's,
631 3341 691 3429 qui
703 3363 743 3407 eo
768 3340 847 3408 bene
863 3353 965 3431 porto
979 3345 1036 3406 oia
1051 3340 1245 3417 retinemus;
1266 3341 1347 3406 Hist.
1367 3361 1390 3419 t,
1407 3341 1462 3420 5l,

190 3451 230 3526 3‚‘
239 3470 303 3537 pro
318 3446 354 3514 di
369 3448 457 3530 boni,
475 3448 534 3538 qui
547 3448 633 3515 dono
648 3447 764 3516 urbem
777 3447 901 3515 omisso
916 3447 1009 3515 curio
1025 3447 1134 3515 adduc
1148 3446 1274 3536 tepitt's;
1292 3457 1409 3512 etcum
1425 3447 1464 3512 ir·

188 3552 319 3633 risione,
343 3566 377 3622 ut
397 3556 521 3643 aliquid
535 3557 732 3623 contrarium
747 3567 929 3642 opponatur
948 3557 1113 3622 sententiae
1133 3575 1227 3643 quam
1246 3555 1362 3642 posuit,
1380 3553 1460 3619 Hist.

188 3679 211 3737 1,
231 3660 284 3739 ld,
303 3661 356 3740 lo,
373 3681 488 3727 oerum
502 3681 561 3749 eqo
578 3659 763 3743 seditiosus,
783 3662 835 3728 uti
851 3660 948 3729 Sulla
967 3661 1027 3739 cit,
1048 3661 1109 3749 qui
1122 3661 1263 3748 praemio
1288 3658 1464 3726 turbarum

189 3785 321 3852 queror,
339 3778 370 3832 et
386 3764 507 3832 bellum
526 3767 671 3856 cupieos,
689 3768 748 3857 qni
758 3767 840 3856 juro
849 3768 947 3857 pacis
961 3780 1084 3857 repeto.
1099 3770 1295 3834 Permultum
1312 3767 1398 3832 enim
1413 3768 1465 3830 in-

188 3881 283 3938 terest
299 3884 406 3940 utrum
422 3875 579 3941 sententia
596 3877 729 3942 relativa
743 3877 905 3942 contineat
919 3896 1047 3943 causam
1062 3877 1107 3942 rei
1124 3897 1195 3963 quae
1212 3875 1243 3940 in
1262 3875 1356 3941 verbo
1373 3873 1462 3939 finito

189 3979 352 4064 primaria
373 3981 536 4047 sententia
554 3981 650 4062 inest,
665 4003 705 4048 an
719 4003 850 4049 causam
864 3983 933 4070 ejus
953 3982 1039 4069 quod
1053 3983 1084 4047 io
1101 3983 1194 4048 verbo
1215 3981 1305 4047 linito
1319 3982 1394 4046 latet
1411 3980 1462 4067 ju·

188 4084 275 4151 dicii.
294 4087 384 4154 Sicut
398 4088 480 4153 onim
499 4089 536 4153 in
560 4100 643 4154 recto
660 4084 766 4154 rerum
783 4110 947 4175 progressu
963 4110 1059 4155 causa
1076 4090 1220 4154 ellectum
1238 4087 1399 4173 praccdit,
1419 4086 1463 4152 ita

186 4194 476 4278 contemplantibus
490 4195 581 4261 nobis
598 4195 641 4275 id,
658 4196 743 4281 quod
771 4215 892 4262 revera
913 4196 1069 4281 posterius
1084 4207 1142 4274 est,
1163 4216 1246 4280 sape
1268 4194 1356 4280 prius
1371 4214 1404 4259 se
1420 4193 1462 4258 ol·

165 4376 168 4384 ,
188 4297 259 4377 lert,
274 4299 299 4364 si
317 4299 447 4384 quidem
467 4303 655 4387 plerumque
671 4301 706 4366 lit
721 4312 756 4367 ut
770 4303 989 4369 antecedentia
1004 4301 1316 4387 inconsequentibus
1331 4300 1461 4367 demum

173 4406 509 4490 comprehendantur.
532 4409 610 4488 Qua
623 4429 696 4474 cum
716 4409 762 4474 ita
776 4409 852 4487 sint,
874 4409 956 4476 sicut
970 4430 1066 4474 causa
1085 4430 1124 4475 ea
1144 4420 1202 4485 est,
1224 4407 1343 4495 quaid
1365 4407 1461 4473 elficit

187 4511 278 4598 cujus
294 4524 341 4578 est
355 4532 463 4595 causa,
481 4516 525 4581 ita
541 4515 632 4581 nohis
647 4516 775 4582 allectus
791 4529 944 4601 tanquam
958 4536 1054 4582 causa
1069 4516 1203 4595 exsistit,
1224 4536 1295 4602 qua
1310 4514 1407 4580 elficit
1426 4522 1462 4578 ut

187 4616 275 4683 adid
295 4620 462 4705 cogitando
483 4622 688 4688 ascendamus
713 4643 784 4709 qua
806 4623 906 4709 ipsius
932 4643 1027 4688 causa
1051 4632 1108 4688 est.
1128 4623 1236 4706 ltaque
1258 4622 1282 4687 si
1304 4622 1336 4685 in
1353 4619 1402 4684 his
1422 4619 1459 4686 de

187 4723 305 4810 quibus
321 4746 406 4793 nunc
419 4728 525 4815 agitur
536 4730 613 4795 locis
626 4750 742 4796 nexum
758 4750 865 4796 rerum
880 4730 888 4794 i
893 4749 1024 4816 psarum
1039 4740 1121 4796 recte
1139 4728 1458 4807 consideraverimus,
