<?xml version="1.0" encoding="UTF-8"?>
<!DOCTYPE html PUBLIC "-//W3C//DTD XHTML 1.0 Transitional//EN"
    "http://www.w3.org/TR/xhtml1/DTD/xhtml1-transitional.dtd">
<html xmlns="http://www.w3.org/1999/xhtml" xml:lang="en" lang="en">
 <head>
  <title>
</title>
<meta http-equiv="Content-Type" content="text/html;charset=utf-8" />
  <meta name='ocr-system' content='tesseract 3.04.00' />
  <meta name='ocr-capabilities' content='ocr_page ocr_carea ocr_par ocr_line ocrx_word'/>
</head>
<body>
  <div class='ocr_page' id='page_1' title='image "./desermonesallus00consgoog_0314.png"; bbox 0 0 3314 5526; ppageno 0'>
   <div class='ocr_carea' id='block_1_1' title="bbox 685 423 886 482">
    <p class='ocr_par' dir='ltr' id='par_1_1' title="bbox 685 423 886 482">
     <span class='ocr_line' id='line_1_1' title="bbox 685 423 886 482; baseline -0.015 0"><span class='ocrx_word' id='word_1_1' title='bbox 685 423 886 482; x_wconf 77' lang='lat'>-295-</span> 
     </span>
    </p>
   </div>
   <div class='ocr_carea' id='block_1_2' title="bbox 145 578 1422 1450">
    <p class='ocr_par' dir='ltr' id='par_1_2' title="bbox 185 578 1420 655">
     <span class='ocr_line' id='line_1_2' title="bbox 185 578 1420 655; baseline -0.01 -10"><span class='ocrx_word' id='word_1_2' title='bbox 185 592 241 655; x_wconf 88' lang='lat' dir='ltr'><strong>rat,</strong></span> <span class='ocrx_word' id='word_1_3' title='bbox 260 590 392 645; x_wconf 76' lang='grc' dir='ltr'><strong>189-191ε</strong></span> <span class='ocrx_word' id='word_1_4' title='bbox 411 618 445 627; x_wconf 94' lang='lat'><em>-</em></span> <span class='ocrx_word' id='word_1_5' title='bbox 458 601 527 641; x_wconf 92' lang='lat' dir='ltr'><strong>oum</strong></span> <span class='ocrx_word' id='word_1_6' title='bbox 544 585 636 641; x_wconf 89' lang='lat' dir='ltr'><strong>verbo</strong></span> <span class='ocrx_word' id='word_1_7' title='bbox 655 587 756 642; x_wconf 81' lang='grc'><strong>919999.</strong></span> <span class='ocrx_word' id='word_1_8' title='bbox 846 582 985 654; x_wconf 78' lang='lat' dir='ltr'><strong>gradum,</strong></span> <span class='ocrx_word' id='word_1_9' title='bbox 1001 584 1065 649; x_wconf 85' lang='grc'><strong>173;</strong></span> <span class='ocrx_word' id='word_1_10' title='bbox 1082 611 1115 622; x_wconf 90' lang='grc'>-</span> <span class='ocrx_word' id='word_1_11' title='bbox 1131 596 1213 647; x_wconf 87' lang='lat' dir='ltr'><strong><em>quam</em></strong></span> <span class='ocrx_word' id='word_1_12' title='bbox 1227 595 1282 652; x_wconf 87' lang='lat' dir='ltr'><strong>per</strong></span> <span class='ocrx_word' id='word_1_13' title='bbox 1292 578 1420 650; x_wconf 91' lang='lat' dir='ltr'><strong>brachy-</strong></span> 
     </span>
    </p>

    <p class='ocr_par' dir='ltr' id='par_1_3' title="bbox 145 670 1422 1450">
     <span class='ocr_line' id='line_1_3' title="bbox 182 670 1422 750; baseline -0.007 -19"><span class='ocrx_word' id='word_1_14' title='bbox 182 691 304 750; x_wconf 89' lang='lat' dir='ltr'><strong>semper</strong></span> <span class='ocrx_word' id='word_1_15' title='bbox 318 674 457 749; x_wconf 84' lang='lat' dir='ltr'><strong>praesenti</strong></span> <span class='ocrx_word' id='word_1_16' title='bbox 472 673 623 742; x_wconf 85' lang='lat' dir='ltr'><strong>historico,</strong></span> <span class='ocrx_word' id='word_1_17' title='bbox 646 677 705 729; x_wconf 94' lang='grc'><strong>189.</strong></span> <span class='ocrx_word' id='word_1_18' title='bbox 845 670 1422 744; x_wconf 79' lang='lat' dir='ltr'><strong>logiamusurpatum,t96;-ouampost</strong></span> 
     </span>
     <span class='ocr_line' id='line_1_4' title="bbox 146 757 1419 834; baseline -0.007 -13"><span class='ocrx_word' id='word_1_19' title='bbox 146 770 241 822; x_wconf 84' lang='lat' dir='ltr'><strong>Potius</strong></span> <span class='ocrx_word' id='word_1_20' title='bbox 256 781 339 831; x_wconf 83' lang='lat' dir='ltr'><strong><em>quam</em></strong></span> <span class='ocrx_word' id='word_1_21' title='bbox 353 787 389 819; x_wconf 90' lang='lat'>:</span> <span class='ocrx_word' id='word_1_22' title='bbox 400 768 494 834; x_wconf 79' lang='lat' dir='ltr'><strong>potius</strong></span> <span class='ocrx_word' id='word_1_23' title='bbox 511 779 592 829; x_wconf 85' lang='lat' dir='ltr'><strong>quom</strong></span> <span class='ocrx_word' id='word_1_24' title='bbox 605 767 645 831; x_wconf 88' lang='lat' dir='ltr'><strong>ut,</strong></span> <span class='ocrx_word' id='word_1_25' title='bbox 662 765 722 818; x_wconf 91' lang='grc'><strong>196.</strong></span> <span class='ocrx_word' id='word_1_26' title='bbox 846 762 972 818; x_wconf 87' lang='lat' dir='ltr'><strong>verbum</strong></span> <span class='ocrx_word' id='word_1_27' title='bbox 993 762 1083 826; x_wconf 84' lang='lat' dir='ltr'><strong>malle,</strong></span> <span class='ocrx_word' id='word_1_28' title='bbox 1110 763 1177 827; x_wconf 90' lang='grc'><strong>196;</strong></span> <span class='ocrx_word' id='word_1_29' title='bbox 1194 788 1231 800; x_wconf 97' lang='grc'><strong>-</strong></span> <span class='ocrx_word' id='word_1_30' title='bbox 1248 757 1324 813; x_wconf 80' lang='lat' dir='ltr'><strong><em>haud</em></strong></span> <span class='ocrx_word' id='word_1_31' title='bbox 1335 759 1419 812; x_wconf 87' lang='lat' dir='ltr'><strong>mutto</strong></span> 
     </span>
     <span class='ocr_line' id='line_1_5' title="bbox 146 847 1420 919; baseline -0.009 -9"><span class='ocrx_word' id='word_1_32' title='bbox 146 859 233 911; x_wconf 82' lang='lat' dir='ltr'><strong>Pottm&#39;</strong></span> <span class='ocrx_word' id='word_1_33' title='bbox 249 869 319 909; x_wconf 92' lang='lat' dir='ltr'><strong>cum</strong></span> <span class='ocrx_word' id='word_1_34' title='bbox 334 851 516 919; x_wconf 83' lang='lat' dir='ltr'><strong>accusativo,</strong></span> <span class='ocrx_word' id='word_1_35' title='bbox 532 854 576 918; x_wconf 97' lang='grc'><strong>97,</strong></span> <span class='ocrx_word' id='word_1_36' title='bbox 592 853 659 906; x_wconf 77' lang='grc'><strong>987.</strong></span> <span class='ocrx_word' id='word_1_37' title='bbox 845 867 920 905; x_wconf 76' lang='lat' dir='ltr'><strong>socors</strong></span> <span class='ocrx_word' id='word_1_38' title='bbox 935 866 1028 917; x_wconf 83' lang='lat' dir='ltr'><strong>quom,</strong></span> <span class='ocrx_word' id='word_1_39' title='bbox 1044 847 1314 915; x_wconf 63' lang='lat' dir='ltr'><strong>antemuranum</strong></span> <span class='ocrx_word' id='word_1_40' title='bbox 1329 862 1420 912; x_wconf 84' lang='lat' dir='ltr'><strong><em>qaam,</em></strong></span> 
     </span>
     <span class='ocr_line' id='line_1_6' title="bbox 145 937 1421 1007; baseline -0.01 -7"><span class='ocrx_word' id='word_1_41' title='bbox 145 947 260 1001; x_wconf 77' lang='lat' dir='ltr'><strong><em>Portare</em></strong></span> <span class='ocrx_word' id='word_1_42' title='bbox 272 943 391 1004; x_wconf 82' lang='lat' dir='ltr'><strong>auattia,</strong></span> <span class='ocrx_word' id='word_1_43' title='bbox 407 941 501 997; x_wconf 82' lang='grc'><strong>58-61.</strong></span> <span class='ocrx_word' id='word_1_44' title='bbox 847 942 911 1005; x_wconf 86' lang='grc'><strong>196;</strong></span> <span class='ocrx_word' id='word_1_45' title='bbox 924 971 957 979; x_wconf 95' lang='grc'>-</span> <span class='ocrx_word' id='word_1_46' title='bbox 968 942 1132 1005; x_wconf 82' lang='lat' dir='ltr'><strong>quom-tom,</strong></span> <span class='ocrx_word' id='word_1_47' title='bbox 1153 937 1295 1007; x_wconf 89' lang='lat' dir='ltr'><strong>sequente</strong></span> <span class='ocrx_word' id='word_1_48' title='bbox 1317 947 1421 1006; x_wconf 88' lang='lat' dir='ltr'><strong>supcr-</strong></span> 
     </span>
     <span class='ocr_line' id='line_1_7' title="bbox 145 1019 1420 1096; baseline -0.009 -9"><span class='ocrx_word' id='word_1_49' title='bbox 145 1035 279 1096; x_wconf 76' lang='lat' dir='ltr'><strong>Por-emto,</strong></span> <span class='ocrx_word' id='word_1_50' title='bbox 297 1031 341 1084; x_wconf 73' lang='lat'><strong>24.</strong></span> <span class='ocrx_word' id='word_1_51' title='bbox 845 1026 946 1096; x_wconf 87' lang='lat' dir='ltr'><strong>lativo,</strong></span> <span class='ocrx_word' id='word_1_52' title='bbox 965 1025 1134 1083; x_wconf 82' lang='lat' dir='ltr'>auctionem</span> <span class='ocrx_word' id='word_1_53' title='bbox 1164 1022 1318 1080; x_wconf 85' lang='lat' dir='ltr'><strong>relativam</strong></span> <span class='ocrx_word' id='word_1_54' title='bbox 1344 1019 1420 1077; x_wconf 87' lang='lat' dir='ltr'><strong>desi-</strong></span> 
     </span>
     <span class='ocr_line' id='line_1_8' title="bbox 145 1115 1007 1187; baseline -0.007 -11"><span class='ocrx_word' id='word_1_55' title='bbox 145 1122 232 1176; x_wconf 80' lang='lat' dir='ltr'><strong>Potv&#39;m&#39;</strong></span> <span class='ocrx_word' id='word_1_56' title='bbox 247 1133 318 1173; x_wconf 88' lang='lat' dir='ltr'><strong>cum</strong></span> <span class='ocrx_word' id='word_1_57' title='bbox 333 1115 515 1184; x_wconf 84' lang='lat' dir='ltr'><strong>accusativo,</strong></span> <span class='ocrx_word' id='word_1_58' title='bbox 531 1119 575 1183; x_wconf 89' lang='grc'><strong>97,</strong></span> <span class='ocrx_word' id='word_1_59' title='bbox 589 1119 660 1173; x_wconf 77' lang='grc'><strong>887..</strong></span> <span class='ocrx_word' id='word_1_60' title='bbox 846 1121 929 1187; x_wconf 79' lang='lat' dir='ltr'><strong>gunt,</strong></span> <span class='ocrx_word' id='word_1_61' title='bbox 948 1120 1007 1172; x_wconf 91' lang='grc'><strong>197.</strong></span> 
     </span>
     <span class='ocr_line' id='line_1_9' title="bbox 145 1196 1420 1277; baseline -0.006 -16"><span class='ocrx_word' id='word_1_62' title='bbox 145 1210 212 1269; x_wconf 83' lang='lat' dir='ltr'><strong>Pra,</strong></span> <span class='ocrx_word' id='word_1_63' title='bbox 233 1207 293 1261; x_wconf 97' lang='grc'><strong>136.</strong></span> <span class='ocrx_word' id='word_1_64' title='bbox 811 1206 989 1274; x_wconf 79' lang='lat' dir='ltr'><strong><em>Quamquam,</em></strong></span> <span class='ocrx_word' id='word_1_65' title='bbox 1013 1219 1131 1277; x_wconf 81' lang='lat' dir='ltr'><strong>semper</strong></span> <span class='ocrx_word' id='word_1_66' title='bbox 1156 1218 1225 1257; x_wconf 92' lang='lat' dir='ltr'><strong>cum</strong></span> <span class='ocrx_word' id='word_1_67' title='bbox 1248 1196 1420 1265; x_wconf 87' lang='lat' dir='ltr'><strong>indicativo,</strong></span> 
     </span>
     <span class='ocr_line' id='line_1_10' title="bbox 145 1289 1418 1366; baseline -0.008 -15"><span class='ocrx_word' id='word_1_68' title='bbox 145 1298 295 1366; x_wconf 74' lang='lat' dir='ltr'><strong>Praecipere</strong></span> <span class='ocrx_word' id='word_1_69' title='bbox 311 1310 380 1350; x_wconf 92' lang='lat' dir='ltr'><strong>oum</strong></span> <span class='ocrx_word' id='word_1_70' title='bbox 396 1293 588 1366; x_wconf 88' lang='lat' dir='ltr'><strong>conjunctivo</strong></span> <span class='ocrx_word' id='word_1_71' title='bbox 605 1292 679 1361; x_wconf 87' lang='lat' dir='ltr'><strong>solo,</strong></span> <span class='ocrx_word' id='word_1_72' title='bbox 698 1293 757 1347; x_wconf 82' lang='grc'><strong>161.</strong></span> <span class='ocrx_word' id='word_1_73' title='bbox 845 1293 903 1350; x_wconf 89' lang='grc'><strong>9191</strong></span> <span class='ocrx_word' id='word_1_74' title='bbox 917 1293 948 1349; x_wconf 90' lang='grc'><strong>19</strong></span> <span class='ocrx_word' id='word_1_75' title='bbox 962 1294 1096 1350; x_wconf 90' lang='lat' dir='ltr'><strong>oratione</strong></span> <span class='ocrx_word' id='word_1_76' title='bbox 1111 1290 1234 1363; x_wconf 91' lang='lat' dir='ltr'><strong>obliqua</strong></span> <span class='ocrx_word' id='word_1_77' title='bbox 1247 1289 1418 1359; x_wconf 85' lang='lat' dir='ltr'><strong>usurpetur,</strong></span> 
     </span>
     <span class='ocr_line' id='line_1_11' title="bbox 145 1382 907 1450; baseline -0.008 -10"><span class='ocrx_word' id='word_1_78' title='bbox 145 1387 417 1440; x_wconf 77' lang='lat' dir='ltr'><strong>Pnnrosmiouuu</strong></span> <span class='ocrx_word' id='word_1_79' title='bbox 437 1398 527 1450; x_wconf 84' lang='grc'><strong>9999,</strong></span> <span class='ocrx_word' id='word_1_80' title='bbox 546 1384 677 1438; x_wconf 88' lang='grc'><strong>131-136.</strong></span> <span class='ocrx_word' id='word_1_81' title='bbox 845 1382 907 1435; x_wconf 77' lang='lat'>208.</span> 
     </span>
    </p>
   </div>
   <div class='ocr_carea' id='block_1_3' title="bbox 145 1462 1514 1542">
    <p class='ocr_par' dir='ltr' id='par_1_4' title="bbox 145 1462 1514 1542">
     <span class='ocr_line' id='line_1_12' title="bbox 145 1462 1514 1542; baseline -0.007 -14"><span class='ocrx_word' id='word_1_82' title='bbox 145 1474 266 1528; x_wconf 82' lang='lat' dir='ltr'><strong>Prasms</strong></span> <span class='ocrx_word' id='word_1_83' title='bbox 285 1470 453 1534; x_wconf 77' lang='lat' dir='ltr'><strong>historicum,</strong></span> <span class='ocrx_word' id='word_1_84' title='bbox 476 1473 540 1539; x_wconf 89' lang='grc'><strong>138;</strong></span> <span class='ocrx_word' id='word_1_85' title='bbox 557 1500 590 1511; x_wconf 89' lang='grc'>-</span> <span class='ocrx_word' id='word_1_86' title='bbox 603 1467 759 1542; x_wconf 74' lang='lat' dir='ltr'><strong>praesentis</strong></span> <span class='ocrx_word' id='word_1_87' title='bbox 810 1470 948 1536; x_wconf 77' lang='lat' dir='ltr'><strong>Quamuis,</strong></span> <span class='ocrx_word' id='word_1_88' title='bbox 990 1472 1128 1537; x_wconf 40' lang='lat' dir='ltr'><strong>tantum,</strong></span> <span class='ocrx_word' id='word_1_89' title='bbox 1151 1483 1221 1523; x_wconf 90' lang='lat' dir='ltr'><strong>eum</strong></span> <span class='ocrx_word' id='word_1_90' title='bbox 1261 1462 1419 1536; x_wconf 85' lang='lat' dir='ltr'><strong>adjectivo,</strong></span> <span class='ocrx_word' id='word_1_91' title='bbox 1510 1522 1514 1531; x_wconf 65' lang='grc'><strong>,</strong></span> 
     </span>
    </p>
   </div>
   <div class='ocr_carea' id='block_1_4' title="bbox 145 1556 1420 2164">
    <p class='ocr_par' dir='ltr' id='par_1_5' title="bbox 181 1556 1420 1723">
     <span class='ocr_line' id='line_1_13' title="bbox 181 1556 1185 1631; baseline -0.004 -16"><span class='ocrx_word' id='word_1_92' title='bbox 181 1559 283 1616; x_wconf 89' lang='lat' dir='ltr'><strong>histor.</strong></span> <span class='ocrx_word' id='word_1_93' title='bbox 301 1558 520 1630; x_wconf 68' lang='lat' dir='ltr'><strong>conjunctivus</strong></span> <span class='ocrx_word' id='word_1_94' title='bbox 545 1561 613 1627; x_wconf 76' lang='grc'><strong>139;</strong></span> <span class='ocrx_word' id='word_1_95' title='bbox 634 1587 669 1601; x_wconf 90' lang='grc'>-</span> <span class='ocrx_word' id='word_1_96' title='bbox 682 1574 757 1631; x_wconf 77' lang='grc'><strong>999-</strong></span> <span class='ocrx_word' id='word_1_97' title='bbox 846 1563 892 1626; x_wconf 85' lang='grc'>(-.-</span> <span class='ocrx_word' id='word_1_98' title='bbox 906 1556 1103 1628; x_wconf 80' lang='lat' dir='ltr'><strong>quantumvis),</strong></span> <span class='ocrx_word' id='word_1_99' title='bbox 1120 1559 1185 1612; x_wconf 76' lang='grc'><strong>999</strong></span> 
     </span>
     <span class='ocr_line' id='line_1_14' title="bbox 183 1639 1420 1723; baseline -0.007 -19"><span class='ocrx_word' id='word_1_100' title='bbox 183 1664 252 1704; x_wconf 85' lang='lat' dir='ltr'><strong>sons</strong></span> <span class='ocrx_word' id='word_1_101' title='bbox 266 1664 321 1723; x_wconf 91' lang='lat' dir='ltr'><strong>pro</strong></span> <span class='ocrx_word' id='word_1_102' title='bbox 339 1647 449 1717; x_wconf 85' lang='lat' dir='ltr'><strong>futuro,</strong></span> <span class='ocrx_word' id='word_1_103' title='bbox 467 1649 527 1703; x_wconf 81' lang='grc'><strong>113.</strong></span> <span class='ocrx_word' id='word_1_104' title='bbox 810 1647 934 1715; x_wconf 84' lang='lat' dir='ltr'><strong><em>Quaado,</em></strong></span> <span class='ocrx_word' id='word_1_105' title='bbox 946 1645 1058 1703; x_wconf 86' lang='lat' dir='ltr'><strong>causali</strong></span> <span class='ocrx_word' id='word_1_106' title='bbox 1068 1649 1183 1702; x_wconf 87' lang='lat' dir='ltr'><strong>tantum</strong></span> <span class='ocrx_word' id='word_1_107' title='bbox 1195 1639 1420 1712; x_wconf 79' lang='lat' dir='ltr'><strong>significatione,</strong></span> 
     </span>
    </p>

    <p class='ocr_par' dir='ltr' id='par_1_6' title="bbox 148 1736 1178 1804">
     <span class='ocr_line' id='line_1_15' title="bbox 148 1736 1178 1804; baseline -0.002 -12"><span class='ocrx_word' id='word_1_108' title='bbox 148 1738 294 1792; x_wconf 80' lang='lat' dir='ltr'><strong>Praestdcre</strong></span> <span class='ocrx_word' id='word_1_109' title='bbox 310 1752 380 1793; x_wconf 92' lang='lat' dir='ltr'><strong>oum</strong></span> <span class='ocrx_word' id='word_1_110' title='bbox 395 1736 577 1803; x_wconf 87' lang='lat' dir='ltr'><strong>accusativo,</strong></span> <span class='ocrx_word' id='word_1_111' title='bbox 589 1740 633 1791; x_wconf 88' lang='grc'><strong>97.</strong></span> <span class='ocrx_word' id='word_1_112' title='bbox 845 1753 914 1792; x_wconf 92' lang='lat' dir='ltr'><strong>cum</strong></span> <span class='ocrx_word' id='word_1_113' title='bbox 927 1737 1099 1804; x_wconf 88' lang='lat' dir='ltr'><strong>indicativo,</strong></span> <span class='ocrx_word' id='word_1_114' title='bbox 1115 1737 1178 1790; x_wconf 89' lang='grc'><strong>199.</strong></span> 
     </span>
    </p>

    <p class='ocr_par' dir='ltr' id='par_1_7' title="bbox 148 1818 1420 1983">
     <span class='ocr_line' id='line_1_16' title="bbox 148 1818 1419 1899; baseline -0.002 -22"><span class='ocrx_word' id='word_1_115' title='bbox 148 1825 307 1892; x_wconf 76' lang='lat' dir='ltr'><strong>Praetores,</strong></span> <span class='ocrx_word' id='word_1_116' title='bbox 324 1823 353 1880; x_wconf 91' lang='lat' dir='ltr'><strong>in</strong></span> <span class='ocrx_word' id='word_1_117' title='bbox 370 1825 482 1880; x_wconf 90' lang='lat' dir='ltr'><strong>malam</strong></span> <span class='ocrx_word' id='word_1_118' title='bbox 500 1826 618 1897; x_wconf 89' lang='lat' dir='ltr'><strong>partem</strong></span> <span class='ocrx_word' id='word_1_119' title='bbox 633 1823 758 1893; x_wconf 88' lang='lat' dir='ltr'><strong>dictum,</strong></span> <span class='ocrx_word' id='word_1_120' title='bbox 809 1826 947 1892; x_wconf 83' lang='lat' dir='ltr'><strong>Quantum</strong></span> <span class='ocrx_word' id='word_1_121' title='bbox 974 1826 1125 1899; x_wconf 79' lang='lat' dir='ltr'><strong>(immane),</strong></span> <span class='ocrx_word' id='word_1_122' title='bbox 1153 1839 1222 1879; x_wconf 91' lang='lat' dir='ltr'><strong>cum</strong></span> <span class='ocrx_word' id='word_1_123' title='bbox 1247 1818 1419 1887; x_wconf 87' lang='lat' dir='ltr'><strong>indicativo,</strong></span> 
     </span>
     <span class='ocr_line' id='line_1_17' title="bbox 185 1909 1420 1983; baseline -0.002 -18"><span class='ocrx_word' id='word_1_124' title='bbox 185 1911 236 1978; x_wconf 68' lang='lat'><strong>343</strong></span> <span class='ocrx_word' id='word_1_125' title='bbox 253 1909 287 1966; x_wconf 83' lang='lat' dir='ltr'><strong>cf.</strong></span> <span class='ocrx_word' id='word_1_126' title='bbox 298 1917 442 1982; x_wconf 80' lang='grc'><strong>99991999,</strong></span> <span class='ocrx_word' id='word_1_127' title='bbox 459 1915 503 1967; x_wconf 91' lang='grc'><strong>61.</strong></span> <span class='ocrx_word' id='word_1_128' title='bbox 847 1917 975 1982; x_wconf 76' lang='grc'><strong>176177,</strong></span> <span class='ocrx_word' id='word_1_129' title='bbox 999 1947 1034 1956; x_wconf 96' lang='grc'>-</span> <span class='ocrx_word' id='word_1_130' title='bbox 1053 1920 1187 1983; x_wconf 82' lang='lat' dir='ltr'><strong>quantum</strong></span> <span class='ocrx_word' id='word_1_131' title='bbox 1210 1913 1420 1982; x_wconf 76' lang='lat' dir='ltr'><strong>importunitatis</strong></span> 
     </span>
    </p>

    <p class='ocr_par' dir='ltr' id='par_1_8' title="bbox 145 1999 1031 2072">
     <span class='ocr_line' id='line_1_18' title="bbox 145 1999 1031 2072; baseline 0.005 -16"><span class='ocrx_word' id='word_1_132' title='bbox 145 2003 248 2056; x_wconf 80' lang='lat' dir='ltr'><strong>Praeter</strong></span> <span class='ocrx_word' id='word_1_133' title='bbox 260 1999 469 2072; x_wconf 82' lang='lat' dir='ltr'><strong>(adverbium),</strong></span> <span class='ocrx_word' id='word_1_134' title='bbox 486 2003 529 2055; x_wconf 84' lang='grc'><strong>17.</strong></span> <span class='ocrx_word' id='word_1_135' title='bbox 844 2003 954 2067; x_wconf 83' lang='lat' dir='ltr'><strong>habeat,</strong></span> <span class='ocrx_word' id='word_1_136' title='bbox 972 2008 1031 2059; x_wconf 89' lang='grc'><strong>189.</strong></span> 
     </span>
    </p>

    <p class='ocr_par' dir='ltr' id='par_1_9' title="bbox 145 2083 1419 2164">
     <span class='ocr_line' id='line_1_19' title="bbox 145 2083 1419 2164; baseline -0.003 -21"><span class='ocrx_word' id='word_1_137' title='bbox 145 2089 312 2156; x_wconf 74' lang='lat' dir='ltr'><strong>Priusquam</strong></span> <span class='ocrx_word' id='word_1_138' title='bbox 354 2088 538 2164; x_wconf 85' lang='lat' dir='ltr'><strong>frequentius</strong></span> <span class='ocrx_word' id='word_1_139' title='bbox 579 2093 759 2163; x_wconf 87' lang='lat' dir='ltr'><strong>usurpatum</strong></span> <span class='ocrx_word' id='word_1_140' title='bbox 809 2093 894 2159; x_wconf 77' lang='lat' dir='ltr'><strong>Quasi·</strong></span> <span class='ocrx_word' id='word_1_141' title='bbox 907 2091 938 2147; x_wconf 91' lang='lat' dir='ltr'><strong>in</strong></span> <span class='ocrx_word' id='word_1_142' title='bbox 952 2090 1028 2148; x_wconf 90' lang='lat' dir='ltr'><strong>fictis</strong></span> <span class='ocrx_word' id='word_1_143' title='bbox 1039 2087 1315 2164; x_wconf 90' lang='lat' dir='ltr'><strong>comparationibus</strong></span> <span class='ocrx_word' id='word_1_144' title='bbox 1326 2083 1419 2140; x_wconf 88' lang='lat' dir='ltr'><strong>multo</strong></span> 
     </span>
    </p>
   </div>
   <div class='ocr_carea' id='block_1_5' title="bbox 181 2179 1419 2336">
    <p class='ocr_par' dir='ltr' id='par_1_10' title="bbox 181 2179 1419 2336">
     <span class='ocr_line' id='line_1_20' title="bbox 181 2179 1419 2255; baseline -0.003 -22"><span class='ocrx_word' id='word_1_145' title='bbox 181 2182 446 2249; x_wconf 74' lang='lat' dir='ltr'><strong>quamcumquae,</strong></span> <span class='ocrx_word' id='word_1_146' title='bbox 467 2180 526 2241; x_wconf 77' lang='grc'><strong>199,</strong></span> <span class='ocrx_word' id='word_1_147' title='bbox 545 2210 578 2218; x_wconf 96' lang='grc'>-</span> <span class='ocrx_word' id='word_1_148' title='bbox 595 2179 660 2251; x_wconf 89' lang='lat' dir='ltr'><strong>ejus</strong></span> <span class='ocrx_word' id='word_1_149' title='bbox 674 2193 756 2246; x_wconf 88' lang='lat' dir='ltr'><strong>usus,</strong></span> <span class='ocrx_word' id='word_1_150' title='bbox 838 2181 953 2255; x_wconf 83' lang='lat' dir='ltr'><strong>saepius</strong></span> <span class='ocrx_word' id='word_1_151' title='bbox 965 2180 1092 2237; x_wconf 88' lang='lat' dir='ltr'><strong>occurrit</strong></span> <span class='ocrx_word' id='word_1_152' title='bbox 1112 2194 1209 2252; x_wconf 88' lang='lat' dir='ltr'><strong>quam</strong></span> <span class='ocrx_word' id='word_1_153' title='bbox 1229 2180 1419 2247; x_wconf 77' lang='grc'><strong>991999999-</strong></span> 
     </span>
     <span class='ocr_line' id='line_1_21' title="bbox 184 2267 1030 2336; baseline 0.004 -17"><span class='ocrx_word' id='word_1_154' title='bbox 184 2267 309 2320; x_wconf 76' lang='grc'><strong>199-193.</strong></span> <span class='ocrx_word' id='word_1_155' title='bbox 845 2269 952 2336; x_wconf 82' lang='lat' dir='ltr'><strong>tieulae,</strong></span> <span class='ocrx_word' id='word_1_156' title='bbox 970 2273 1030 2323; x_wconf 80' lang='grc'><strong>195.</strong></span> 
     </span>
    </p>
   </div>
   <div class='ocr_carea' id='block_1_6' title="bbox 147 2351 1420 2785">
    <p class='ocr_par' dir='ltr' id='par_1_11' title="bbox 147 2351 1145 2424">
     <span class='ocr_line' id='line_1_22' title="bbox 147 2351 1145 2424; baseline -0.006 -17"><span class='ocrx_word' id='word_1_157' title='bbox 147 2351 696 2424; x_wconf 56' lang='grc'><strong>919991999199911199)-;1999999,</strong></span> <span class='ocrx_word' id='word_1_158' title='bbox 712 2355 756 2408; x_wconf 80' lang='grc'><strong>35.</strong></span> <span class='ocrx_word' id='word_1_159' title='bbox 809 2357 915 2423; x_wconf 72' lang='lat' dir='ltr'><strong>Quanto</strong></span> <span class='ocrx_word' id='word_1_160' title='bbox 931 2389 964 2398; x_wconf 86' lang='lat'>-</span> <span class='ocrx_word' id='word_1_161' title='bbox 982 2362 1067 2424; x_wconf 67' lang='lat' dir='ltr'><strong>tanto,</strong></span> <span class='ocrx_word' id='word_1_162' title='bbox 1085 2359 1145 2410; x_wconf 76' lang='lat'><strong>197.</strong></span> 
     </span>
    </p>

    <p class='ocr_par' dir='ltr' id='par_1_12' title="bbox 148 2435 1420 2603">
     <span class='ocr_line' id='line_1_23' title="bbox 148 2435 1419 2516; baseline -0.006 -19"><span class='ocrx_word' id='word_1_163' title='bbox 148 2442 211 2508; x_wconf 83' lang='lat' dir='ltr'><strong>Pro,</strong></span> <span class='ocrx_word' id='word_1_164' title='bbox 225 2443 386 2513; x_wconf 74' lang='lat' dir='ltr'><strong>¹363-pro</strong></span> <span class='ocrx_word' id='word_1_165' title='bbox 397 2444 507 2498; x_wconf 79' lang='lat' dir='ltr'><strong>coasilio</strong></span> <span class='ocrx_word' id='word_1_166' title='bbox 519 2459 614 2513; x_wconf 82' lang='lat' dir='ltr'><strong>:pro</strong></span> <span class='ocrx_word' id='word_1_167' title='bbox 624 2447 755 2505; x_wconf 78' lang='lat' dir='ltr'><strong>cautione,</strong></span> <span class='ocrx_word' id='word_1_168' title='bbox 809 2444 865 2509; x_wconf 86' lang='lat' dir='ltr'><strong>Quo</strong></span> <span class='ocrx_word' id='word_1_169' title='bbox 874 2443 904 2499; x_wconf 94' lang='lat' dir='ltr'><strong>in</strong></span> <span class='ocrx_word' id='word_1_170' title='bbox 915 2441 1121 2516; x_wconf 80' lang='lat' dir='ltr'><strong>polysyndetis</strong></span> <span class='ocrx_word' id='word_1_171' title='bbox 1132 2440 1262 2497; x_wconf 92' lang='lat' dir='ltr'><strong>duorum</strong></span> <span class='ocrx_word' id='word_1_172' title='bbox 1270 2435 1419 2493; x_wconf 88' lang='lat' dir='ltr'><strong>membro-</strong></span> 
     </span>
     <span class='ocr_line' id='line_1_24' title="bbox 187 2525 1420 2603; baseline -0.015 -6"><span class='ocrx_word' id='word_1_173' title='bbox 187 2531 244 2585; x_wconf 72' lang='lat'><strong>1³6.</strong></span> <span class='ocrx_word' id='word_1_174' title='bbox 844 2525 1420 2603; x_wconf 70' lang='lat' dir='ltr'><strong>rum‚234;—eumpraepositioneJuuo</strong></span> 
     </span>
    </p>

    <p class='ocr_par' dir='ltr' id='par_1_13' title="bbox 843 2615 1417 2690">
     <span class='ocr_line' id='line_1_25' title="bbox 843 2615 1417 2690; baseline -0.021 -12"><span class='ocrx_word' id='word_1_175' title='bbox 843 2626 917 2690; x_wconf 90' lang='lat' dir='ltr'><strong>tum,</strong></span> <span class='ocrx_word' id='word_1_176' title='bbox 934 2623 1003 2688; x_wconf 76' lang='lat'><strong>2343</strong></span> <span class='ocrx_word' id='word_1_177' title='bbox 1024 2650 1061 2662; x_wconf 98' lang='lat'>-</span> <span class='ocrx_word' id='word_1_178' title='bbox 1083 2621 1115 2676; x_wconf 91' lang='lat' dir='ltr'><strong>in</strong></span> <span class='ocrx_word' id='word_1_179' title='bbox 1130 2615 1276 2682; x_wconf 81' lang='lat' dir='ltr'><strong>formulis,</strong></span> <span class='ocrx_word' id='word_1_180' title='bbox 1287 2615 1417 2677; x_wconf 59' lang='lat' dir='ltr'><strong>atatem</strong></span> 
     </span>
    </p>

    <p class='ocr_par' dir='ltr' id='par_1_14' title="bbox 844 2705 1420 2785">
     <span class='ocr_line' id='line_1_26' title="bbox 844 2705 1420 2785; baseline -0.019 -16"><span class='ocrx_word' id='word_1_181' title='bbox 844 2743 878 2755; x_wconf 88' lang='lat'>-</span> <span class='ocrx_word' id='word_1_182' title='bbox 897 2728 967 2767; x_wconf 90' lang='lat' dir='ltr'><strong>oum</strong></span> <span class='ocrx_word' id='word_1_183' title='bbox 981 2727 1065 2785; x_wconf 91' lang='lat' dir='ltr'><strong>pron.</strong></span> <span class='ocrx_word' id='word_1_184' title='bbox 1078 2709 1289 2774; x_wconf 80' lang='grc'><strong>99191199,836;</strong></span> <span class='ocrx_word' id='word_1_185' title='bbox 1302 2733 1335 2747; x_wconf 89' lang='lat'>-</span> <span class='ocrx_word' id='word_1_186' title='bbox 1351 2705 1420 2777; x_wconf 92' lang='lat' dir='ltr'><strong>post</strong></span> 
     </span>
    </p>
   </div>
   <div class='ocr_carea' id='block_1_7' title="bbox 148 2619 759 2783">
    <p class='ocr_par' dir='ltr' id='par_1_15' title="bbox 148 2619 759 2783">
     <span class='ocr_line' id='line_1_27' title="bbox 150 2619 438 2689; baseline 0 -16"><span class='ocrx_word' id='word_1_187' title='bbox 150 2619 293 2689; x_wconf 83' lang='lat' dir='ltr'><strong>Prolcpsts,</strong></span> <span class='ocrx_word' id='word_1_188' title='bbox 312 2621 438 2674; x_wconf 88' lang='grc'><strong>178-179.</strong></span> 
     </span>
     <span class='ocr_line' id='line_1_28' title="bbox 148 2707 759 2783; baseline 0.008 -22"><span class='ocrx_word' id='word_1_189' title='bbox 148 2707 340 2763; x_wconf 78' lang='lat' dir='ltr'><strong>Pnououivi</strong></span> <span class='ocrx_word' id='word_1_190' title='bbox 354 2725 361 2764; x_wconf 87' lang='lat'>:</span> <span class='ocrx_word' id='word_1_191' title='bbox 374 2708 410 2764; x_wconf 87' lang='lat' dir='ltr'><strong>de</strong></span> <span class='ocrx_word' id='word_1_192' title='bbox 421 2724 560 2783; x_wconf 88' lang='lat' dir='ltr'><strong>pronam.</strong></span> <span class='ocrx_word' id='word_1_193' title='bbox 573 2709 759 2766; x_wconf 89' lang='lat' dir='ltr'><strong>demonstra-</strong></span> 
     </span>
    </p>
   </div>
   <div class='ocr_carea' id='block_1_8' title="bbox 181 2795 762 2871">
    <p class='ocr_par' dir='ltr' id='par_1_16' title="bbox 181 2795 762 2871">
     <span class='ocr_line' id='line_1_29' title="bbox 181 2795 762 2871; baseline 0.007 -19"><span class='ocrx_word' id='word_1_194' title='bbox 181 2795 232 2852; x_wconf 88' lang='lat' dir='ltr'><strong>tivi</strong></span> <span class='ocrx_word' id='word_1_195' title='bbox 243 2801 271 2853; x_wconf 92' lang='lat' dir='ltr'><strong>et</strong></span> <span class='ocrx_word' id='word_1_196' title='bbox 280 2814 421 2871; x_wconf 92' lang='lat' dir='ltr'><strong>pronom.</strong></span> <span class='ocrx_word' id='word_1_197' title='bbox 430 2799 543 2856; x_wconf 81' lang='lat' dir='ltr'><strong>relativi</strong></span> <span class='ocrx_word' id='word_1_198' title='bbox 552 2816 660 2871; x_wconf 82' lang='lat' dir='ltr'><strong>genere</strong></span> <span class='ocrx_word' id='word_1_199' title='bbox 668 2804 696 2856; x_wconf 88' lang='lat' dir='ltr'><strong>ct</strong></span> <span class='ocrx_word' id='word_1_200' title='bbox 705 2816 762 2857; x_wconf 80' lang='lat' dir='ltr'><strong>nu-¹</strong></span> 
     </span>
    </p>
   </div>
   <div class='ocr_carea' id='block_1_9' title="bbox 181 2888 756 2964">
    <p class='ocr_par' dir='ltr' id='par_1_17' title="bbox 181 2888 756 2964">
     <span class='ocr_line' id='line_1_30' title="bbox 181 2888 756 2964; baseline 0.009 -23"><span class='ocrx_word' id='word_1_201' title='bbox 181 2888 756 2964; x_wconf 62' lang='lat' dir='ltr'><strong>meinati-793—relativumpluralinu</strong></span> 
     </span>
    </p>
   </div>
   <div class='ocr_carea' id='block_1_10' title="bbox 844 2795 1417 2958">
    <p class='ocr_par' dir='ltr' id='par_1_18' title="bbox 844 2795 1417 2958">
     <span class='ocr_line' id='line_1_31' title="bbox 844 2795 1417 2872; baseline -0.023 -14"><span class='ocrx_word' id='word_1_202' title='bbox 844 2805 900 2872; x_wconf 86' lang='lat' dir='ltr'><strong>ubt,</strong></span> <span class='ocrx_word' id='word_1_203' title='bbox 911 2803 961 2857; x_wconf 78' lang='grc'><strong>936</strong></span> <span class='ocrx_word' id='word_1_204' title='bbox 972 2818 978 2869; x_wconf 93' lang='grc'><strong>;</strong></span> <span class='ocrx_word' id='word_1_205' title='bbox 989 2831 1024 2840; x_wconf 92' lang='lat'>-</span> <span class='ocrx_word' id='word_1_206' title='bbox 1033 2815 1084 2866; x_wconf 87' lang='lat' dir='ltr'><strong>quc</strong></span> <span class='ocrx_word' id='word_1_207' title='bbox 1092 2802 1183 2864; x_wconf 83' lang='lat' dir='ltr'><strong>ettam,</strong></span> <span class='ocrx_word' id='word_1_208' title='bbox 1194 2797 1261 2862; x_wconf 72' lang='lat'><strong>2³73</strong></span> <span class='ocrx_word' id='word_1_209' title='bbox 1275 2824 1308 2834; x_wconf 92' lang='lat'>-</span> <span class='ocrx_word' id='word_1_210' title='bbox 1320 2808 1371 2860; x_wconf 83' lang='grc'><strong>999</strong></span> <span class='ocrx_word' id='word_1_211' title='bbox 1381 2795 1417 2857; x_wconf 89' lang='grc'><strong>91,</strong></span> 
     </span>
     <span class='ocr_line' id='line_1_32' title="bbox 844 2886 1222 2958; baseline -0.024 -12"><span class='ocrx_word' id='word_1_212' title='bbox 844 2906 973 2958; x_wconf 83' lang='lat' dir='ltr'><strong>que-que,</strong></span> <span class='ocrx_word' id='word_1_213' title='bbox 989 2891 1143 2953; x_wconf 84' lang='lat' dir='ltr'><strong>atque-que,</strong></span> <span class='ocrx_word' id='word_1_214' title='bbox 1160 2886 1222 2939; x_wconf 81' lang='lat'><strong>237.</strong></span> 
     </span>
    </p>
   </div>
   <div class='ocr_carea' id='block_1_11' title="bbox 180 2979 1419 3138">
    <p class='ocr_par' dir='ltr' id='par_1_19' title="bbox 180 2979 1419 3138">
     <span class='ocr_line' id='line_1_33' title="bbox 180 2979 966 3052; baseline 0.004 -23"><span class='ocrx_word' id='word_1_215' title='bbox 180 2989 265 3030; x_wconf 91' lang='lat' dir='ltr'><strong>mero</strong></span> <span class='ocrx_word' id='word_1_216' title='bbox 282 2981 351 3048; x_wconf 91' lang='lat' dir='ltr'><strong>post</strong></span> <span class='ocrx_word' id='word_1_217' title='bbox 365 2992 535 3050; x_wconf 87' lang='lat' dir='ltr'><strong>pronomen</strong></span> <span class='ocrx_word' id='word_1_218' title='bbox 553 2979 757 3052; x_wconf 88' lang='lat' dir='ltr'><strong>possessivum</strong></span> <span class='ocrx_word' id='word_1_219' title='bbox 808 2983 889 3049; x_wconf 84' lang='lat' dir='ltr'><strong><em>Quia,</em></strong></span> <span class='ocrx_word' id='word_1_220' title='bbox 908 2983 966 3034; x_wconf 89' lang='grc'><strong>199.</strong></span> 
     </span>
     <span class='ocr_line' id='line_1_34' title="bbox 182 3061 1419 3138; baseline -0.004 -21"><span class='ocrx_word' id='word_1_221' title='bbox 182 3065 308 3134; x_wconf 81' lang='lat' dir='ltr'><strong>(corpora</strong></span> <span class='ocrx_word' id='word_1_222' title='bbox 327 3072 454 3122; x_wconf 84' lang='lat' dir='ltr'><strong>nostra...</strong></span> <span class='ocrx_word' id='word_1_223' title='bbox 472 3072 553 3133; x_wconf 85' lang='lat' dir='ltr'><strong>qut...</strong></span> <span class='ocrx_word' id='word_1_224' title='bbox 578 3072 695 3135; x_wconf 81' lang='lat' dir='ltr'><strong>sumus),</strong></span> <span class='ocrx_word' id='word_1_225' title='bbox 712 3072 756 3135; x_wconf 78' lang='lat'><strong>853</strong></span> <span class='ocrx_word' id='word_1_226' title='bbox 808 3073 879 3138; x_wconf 77' lang='lat' dir='ltr'><strong><em>Quia</em></strong></span> <span class='ocrx_word' id='word_1_227' title='bbox 894 3066 1038 3124; x_wconf 89' lang='lat' dir='ltr'><strong>audacius</strong></span> <span class='ocrx_word' id='word_1_228' title='bbox 1048 3066 1203 3127; x_wconf 85' lang='lat' dir='ltr'><strong>structum,</strong></span> <span class='ocrx_word' id='word_1_229' title='bbox 1222 3063 1287 3128; x_wconf 73' lang='lat'><strong>1983</strong></span> <span class='ocrx_word' id='word_1_230' title='bbox 1302 3089 1336 3099; x_wconf 90' lang='lat'>—</span> <span class='ocrx_word' id='word_1_231' title='bbox 1352 3061 1419 3125; x_wconf 83' lang='lat' dir='ltr'><strong><em>quia</em></strong></span> 
     </span>
    </p>
   </div>
   <div class='ocr_carea' id='block_1_12' title="bbox 180 3154 757 3230">
    <p class='ocr_par' dir='ltr' id='par_1_20' title="bbox 180 3154 757 3230">
     <span class='ocr_line' id='line_1_35' title="bbox 180 3154 757 3230; baseline 0.01 -23"><span class='ocrx_word' id='word_1_232' title='bbox 180 3181 217 3193; x_wconf 97' lang='lat'><em>-</em></span> <span class='ocrx_word' id='word_1_233' title='bbox 231 3168 374 3225; x_wconf 91' lang='lat' dir='ltr'><strong>pronom.</strong></span> <span class='ocrx_word' id='word_1_234' title='bbox 391 3154 430 3211; x_wconf 90' lang='lat' dir='ltr'><strong>ad</strong></span> <span class='ocrx_word' id='word_1_235' title='bbox 445 3160 540 3212; x_wconf 90' lang='lat' dir='ltr'><strong>totum</strong></span> <span class='ocrx_word' id='word_1_236' title='bbox 555 3168 757 3230; x_wconf 78' lang='lat' dir='ltr'><strong>praegressum</strong></span> 
     </span>
    </p>
   </div>
   <div class='ocr_carea' id='block_1_13' title="bbox 842 3160 1031 3227">
    <p class='ocr_par' dir='ltr' id='par_1_21' title="bbox 842 3160 1031 3227">
     <span class='ocr_line' id='line_1_36' title="bbox 842 3160 1031 3227; baseline -0.011 -15"><span class='ocrx_word' id='word_1_237' title='bbox 842 3184 879 3212; x_wconf 89' lang='lat'><strong><em>=</em></strong></span> <span class='ocrx_word' id='word_1_238' title='bbox 891 3166 954 3227; x_wconf 74' lang='lat' dir='ltr'><strong>imo,</strong></span> <span class='ocrx_word' id='word_1_239' title='bbox 973 3160 1031 3213; x_wconf 81' lang='lat' dir='ltr'><strong>ms.</strong></span> 
     </span>
    </p>
   </div>
   <div class='ocr_carea' id='block_1_14' title="bbox 180 3234 1326 3411">
    <p class='ocr_par' dir='ltr' id='par_1_22' title="bbox 180 3234 1326 3411">
     <span class='ocr_line' id='line_1_37' title="bbox 180 3234 1326 3320; baseline -0.003 -25"><span class='ocrx_word' id='word_1_240' title='bbox 180 3240 373 3299; x_wconf 87' lang='lat' dir='ltr'><strong>enunciatum</strong></span> <span class='ocrx_word' id='word_1_241' title='bbox 392 3249 541 3318; x_wconf 88' lang='lat' dir='ltr'><strong>spectans,</strong></span> <span class='ocrx_word' id='word_1_242' title='bbox 562 3247 596 3300; x_wconf 84' lang='grc'><strong>86</strong></span> <span class='ocrx_word' id='word_1_243' title='bbox 611 3234 622 3312; x_wconf 89' lang='grc' dir='ltr'><strong>;Ι</strong></span> <span class='ocrx_word' id='word_1_244' title='bbox 634 3276 668 3284; x_wconf 90' lang='grc'>-</span> <span class='ocrx_word' id='word_1_245' title='bbox 689 3261 757 3318; x_wconf 92' lang='lat' dir='ltr'><strong>pro·</strong></span> <span class='ocrx_word' id='word_1_246' title='bbox 808 3251 913 3320; x_wconf 74' lang='lat' dir='ltr'><strong>Quippe</strong></span> <span class='ocrx_word' id='word_1_247' title='bbox 930 3251 978 3315; x_wconf 78' lang='lat' dir='ltr'><strong>qut</strong></span> <span class='ocrx_word' id='word_1_248' title='bbox 992 3260 1061 3301; x_wconf 93' lang='lat' dir='ltr'><strong>cum</strong></span> <span class='ocrx_word' id='word_1_249' title='bbox 1074 3239 1248 3306; x_wconf 88' lang='lat' dir='ltr'><strong>indicativo,</strong></span> <span class='ocrx_word' id='word_1_250' title='bbox 1267 3239 1326 3293; x_wconf 79' lang='grc'><strong>188.</strong></span> 
     </span>
     <span class='ocr_line' id='line_1_38' title="bbox 180 3332 1219 3411; baseline 0.003 -27"><span class='ocrx_word' id='word_1_251' title='bbox 180 3345 292 3386; x_wconf 90' lang='lat' dir='ltr'><strong>nomeu</strong></span> <span class='ocrx_word' id='word_1_252' title='bbox 312 3347 447 3404; x_wconf 76' lang='lat' dir='ltr'><strong>personae</strong></span> <span class='ocrx_word' id='word_1_253' title='bbox 472 3333 639 3404; x_wconf 88' lang='lat' dir='ltr'><strong>subjectum</strong></span> <span class='ocrx_word' id='word_1_254' title='bbox 660 3332 758 3390; x_wconf 86' lang='lat' dir='ltr'><strong>deficit</strong></span> <span class='ocrx_word' id='word_1_255' title='bbox 808 3341 873 3406; x_wconf 86' lang='lat' dir='ltr'><strong>Quts</strong></span> <span class='ocrx_word' id='word_1_256' title='bbox 887 3352 942 3411; x_wconf 92' lang='lat' dir='ltr'><strong>pro</strong></span> <span class='ocrx_word' id='word_1_257' title='bbox 956 3336 1065 3402; x_wconf 83' lang='grc'><strong>991999,</strong></span> <span class='ocrx_word' id='word_1_258' title='bbox 1081 3335 1106 3386; x_wconf 89' lang='lat'><strong>8.</strong></span> <span class='ocrx_word' id='word_1_259' title='bbox 1217 3397 1219 3401; x_wconf 21' lang='lat'><strong><em>¹</em></strong></span> 
     </span>
    </p>
   </div>
   <div class='ocr_carea' id='block_1_15' title="bbox 145 3417 626 3578">
    <p class='ocr_par' dir='ltr' id='par_1_23' title="bbox 145 3417 626 3578">
     <span class='ocr_line' id='line_1_39' title="bbox 179 3417 626 3490; baseline 0.011 -17"><span class='ocrx_word' id='word_1_260' title='bbox 179 3417 210 3473; x_wconf 93' lang='grc'><strong>19</strong></span> <span class='ocrx_word' id='word_1_261' title='bbox 219 3417 366 3476; x_wconf 89' lang='lat' dir='ltr'><strong>infinitivo</strong></span> <span class='ocrx_word' id='word_1_262' title='bbox 380 3421 550 3490; x_wconf 84' lang='lat' dir='ltr'><strong>enunciata,</strong></span> <span class='ocrx_word' id='word_1_263' title='bbox 568 3426 626 3479; x_wconf 92' lang='grc'><strong>173.</strong></span> 
     </span>
     <span class='ocr_line' id='line_1_40' title="bbox 145 3511 349 3578; baseline 0 -14"><span class='ocrx_word' id='word_1_264' title='bbox 145 3511 288 3578; x_wconf 84' lang='lat' dir='ltr'><strong>Prosapz&#39;a,</strong></span> <span class='ocrx_word' id='word_1_265' title='bbox 305 3512 349 3565; x_wconf 78' lang='lat'><strong>26.</strong></span> 
     </span>
    </p>
   </div>
   <div class='ocr_carea' id='block_1_16' title="bbox 808 3410 1419 3495">
    <p class='ocr_par' dir='ltr' id='par_1_24' title="bbox 808 3410 1419 3495">
     <span class='ocr_line' id='line_1_41' title="bbox 808 3410 1419 3495; baseline -0.029 -11"><span class='ocrx_word' id='word_1_266' title='bbox 808 3429 957 3495; x_wconf 79' lang='lat' dir='ltr'><strong>Quisquam</strong></span> <span class='ocrx_word' id='word_1_267' title='bbox 974 3424 1006 3480; x_wconf 91' lang='grc'><strong>19</strong></span> <span class='ocrx_word' id='word_1_268' title='bbox 1028 3415 1239 3493; x_wconf 84' lang='lat' dir='ltr'><strong>comparativis</strong></span> <span class='ocrx_word' id='word_1_269' title='bbox 1253 3410 1419 3471; x_wconf 88' lang='lat' dir='ltr'><strong>enunciatis</strong></span> 
     </span>
    </p>
   </div>
   <div class='ocr_carea' id='block_1_17' title="bbox 844 3507 1200 3589">
    <p class='ocr_par' dir='ltr' id='par_1_25' title="bbox 844 3507 1200 3589">
     <span class='ocr_line' id='line_1_42' title="bbox 844 3507 1200 3589; baseline -0.028 -18"><span class='ocrx_word' id='word_1_270' title='bbox 844 3515 931 3589; x_wconf 77' lang='lat' dir='ltr'><strong>(aaa</strong></span> <span class='ocrx_word' id='word_1_271' title='bbox 946 3512 1029 3585; x_wconf 81' lang='lat' dir='ltr'><strong>adp.</strong></span> <span class='ocrx_word' id='word_1_272' title='bbox 1045 3513 1090 3579; x_wconf 86' lang='lat'><strong>40,</strong></span> <span class='ocrx_word' id='word_1_273' title='bbox 1106 3509 1126 3565; x_wconf 89' lang='lat'><strong>1.</strong></span> <span class='ocrx_word' id='word_1_274' title='bbox 1143 3507 1200 3579; x_wconf 78' lang='lat' dir='ltr'><strong>or).</strong></span> 
     </span>
    </p>
   </div>
   <div class='ocr_carea' id='block_1_18' title="bbox 144 3587 1419 3676">
    <p class='ocr_par' dir='ltr' id='par_1_26' title="bbox 144 3587 1419 3676">
     <span class='ocr_line' id='line_1_43' title="bbox 144 3587 1419 3676; baseline -0.008 -22"><span class='ocrx_word' id='word_1_275' title='bbox 144 3601 232 3669; x_wconf 85' lang='lat' dir='ltr'><strong>Propo</strong></span> <span class='ocrx_word' id='word_1_276' title='bbox 242 3599 507 3671; x_wconf 70' lang='lat' dir='ltr'><strong>(proptormropius,</strong></span> <span class='ocrx_word' id='word_1_277' title='bbox 515 3592 757 3673; x_wconf 50' lang='lat' dir='ltr'><strong>promamustthu-</strong></span> <span class='ocrx_word' id='word_1_278' title='bbox 807 3607 926 3673; x_wconf 80' lang='lat' dir='ltr'><strong>Quisque</strong></span> <span class='ocrx_word' id='word_1_279' title='bbox 939 3591 1278 3676; x_wconf 78' lang='grc'><strong>9999911991,69-79(91.</strong></span> <span class='ocrx_word' id='word_1_280' title='bbox 1291 3589 1366 3647; x_wconf 91' lang='lat' dir='ltr'>Add.</span> <span class='ocrx_word' id='word_1_281' title='bbox 1379 3587 1419 3646; x_wconf 88' lang='lat' dir='ltr'><strong>ad</strong></span> 
     </span>
    </p>
   </div>
   <div class='ocr_carea' id='block_1_19' title="bbox 143 3687 755 4112">
    <p class='ocr_par' dir='ltr' id='par_1_27' title="bbox 177 3687 754 3830">
     <span class='ocr_line' id='line_1_44' title="bbox 177 3687 754 3762; baseline 0.01 -20"><span class='ocrx_word' id='word_1_282' title='bbox 177 3687 226 3757; x_wconf 89' lang='lat' dir='ltr'><strong>jus</strong></span> <span class='ocrx_word' id='word_1_283' title='bbox 239 3687 372 3744; x_wconf 91' lang='lat' dir='ltr'><strong>adverbii</strong></span> <span class='ocrx_word' id='word_1_284' title='bbox 395 3689 484 3746; x_wconf 86' lang='lat' dir='ltr'><strong>variae</strong></span> <span class='ocrx_word' id='word_1_285' title='bbox 510 3692 754 3762; x_wconf 66' lang='lat' dir='ltr'><strong>constructiones</strong></span> 
     </span>
     <span class='ocr_line' id='line_1_45' title="bbox 183 3777 243 3830; baseline 0.017 -1"><span class='ocrx_word' id='word_1_286' title='bbox 183 3777 243 3830; x_wconf 90' lang='grc'><strong>198.</strong></span> 
     </span>
    </p>

    <p class='ocr_par' dir='ltr' id='par_1_28' title="bbox 143 3864 755 4112">
     <span class='ocr_line' id='line_1_46' title="bbox 143 3864 755 3938; baseline 0.015 -21"><span class='ocrx_word' id='word_1_287' title='bbox 143 3864 293 3934; x_wconf 83' lang='lat' dir='ltr'><strong>Propevarc</strong></span> <span class='ocrx_word' id='word_1_288' title='bbox 308 3880 377 3920; x_wconf 92' lang='lat' dir='ltr'><strong>cum</strong></span> <span class='ocrx_word' id='word_1_289' title='bbox 394 3872 523 3922; x_wconf 88' lang='lat' dir='ltr'><strong>accusat.</strong></span> <span class='ocrx_word' id='word_1_290' title='bbox 547 3872 575 3924; x_wconf 92' lang='lat' dir='ltr'><strong>et</strong></span> <span class='ocrx_word' id='word_1_291' title='bbox 596 3868 755 3938; x_wconf 88' lang='lat' dir='ltr'><strong>infinitivo,</strong></span> 
     </span>
     <span class='ocr_line' id='line_1_47' title="bbox 181 3954 589 4027; baseline 0.012 -21"><span class='ocrx_word' id='word_1_292' title='bbox 181 3955 246 4020; x_wconf 84' lang='grc'><strong>171;</strong></span> <span class='ocrx_word' id='word_1_293' title='bbox 259 3983 294 3993; x_wconf 96' lang='lat'>—</span> <span class='ocrx_word' id='word_1_294' title='bbox 310 3968 378 4009; x_wconf 92' lang='lat' dir='ltr'><strong>cum</strong></span> <span class='ocrx_word' id='word_1_295' title='bbox 394 3954 514 4027; x_wconf 87' lang='grc'><strong>999199,</strong></span> <span class='ocrx_word' id='word_1_296' title='bbox 529 3959 589 4012; x_wconf 79' lang='grc'><strong>999.</strong></span> 
     </span>
     <span class='ocr_line' id='line_1_48' title="bbox 143 4043 577 4112; baseline 0.009 -16"><span class='ocrx_word' id='word_1_297' title='bbox 143 4043 500 4112; x_wconf 78' lang='grc' dir='ltr'><strong>Ρ99999119919999991919,</strong></span> <span class='ocrx_word' id='word_1_298' title='bbox 520 4048 577 4100; x_wconf 90' lang='grc'><strong>197.</strong></span> 
     </span>
    </p>
   </div>
   <div class='ocr_carea' id='block_1_20' title="bbox 842 3691 1088 3768">
    <p class='ocr_par' dir='ltr' id='par_1_29' title="bbox 842 3691 1088 3768">
     <span class='ocr_line' id='line_1_49' title="bbox 842 3691 1088 3768; baseline -0.016 -20"><span class='ocrx_word' id='word_1_299' title='bbox 842 3711 870 3768; x_wconf 91' lang='lat' dir='ltr'><strong>p.</strong></span> <span class='ocrx_word' id='word_1_300' title='bbox 887 3691 1032 3761; x_wconf 73' lang='grc'><strong>991981.</strong></span> <span class='ocrx_word' id='word_1_301' title='bbox 1087 3726 1088 3730; x_wconf 38' lang='lat'>1</span> 
     </span>
    </p>
   </div>
   <div class='ocr_carea' id='block_1_21' title="bbox 807 3766 1416 3851">
    <p class='ocr_par' dir='ltr' id='par_1_30' title="bbox 807 3766 1416 3851">
     <span class='ocr_line' id='line_1_50' title="bbox 807 3766 1416 3851; baseline -0.03 -12"><span class='ocrx_word' id='word_1_302' title='bbox 807 3785 944 3851; x_wconf 77' lang='lat' dir='ltr'><strong>Quisquis,</strong></span> <span class='ocrx_word' id='word_1_303' title='bbox 968 3784 1138 3847; x_wconf 78' lang='lat' dir='ltr'><strong>quicumque,</strong></span> <span class='ocrx_word' id='word_1_304' title='bbox 1156 3788 1225 3829; x_wconf 91' lang='lat' dir='ltr'><strong>cum</strong></span> <span class='ocrx_word' id='word_1_305' title='bbox 1242 3766 1416 3834; x_wconf 84' lang='lat' dir='ltr'><strong>indicativo,</strong></span> 
     </span>
    </p>
   </div>
   <div class='ocr_carea' id='block_1_22' title="bbox 843 3857 1415 3942">
    <p class='ocr_par' dir='ltr' id='par_1_31' title="bbox 843 3857 1415 3942">
     <span class='ocr_line' id='line_1_51' title="bbox 843 3857 1415 3942; baseline -0.031 -15"><span class='ocrx_word' id='word_1_306' title='bbox 843 3875 889 3927; x_wconf 89' lang='grc'><strong>181</strong></span> <span class='ocrx_word' id='word_1_307' title='bbox 901 3888 908 3937; x_wconf 86' lang='grc'><strong>;</strong></span> <span class='ocrx_word' id='word_1_308' title='bbox 920 3880 1087 3942; x_wconf 87' lang='lat' dir='ltr'><strong>-quoquo</strong></span> <span class='ocrx_word' id='word_1_309' title='bbox 1101 3861 1193 3919; x_wconf 91' lang='lat' dir='ltr'><strong>modo</strong></span> <span class='ocrx_word' id='word_1_310' title='bbox 1205 3863 1337 3935; x_wconf 86' lang='lat' dir='ltr'><strong>potuero,</strong></span> <span class='ocrx_word' id='word_1_311' title='bbox 1355 3857 1415 3911; x_wconf 89' lang='grc'><strong>181.</strong></span> 
     </span>
    </p>
   </div>
   <div class='ocr_carea' id='block_1_23' title="bbox 806 3943 1417 4108">
    <p class='ocr_par' dir='ltr' id='par_1_32' title="bbox 806 3943 1417 4108">
     <span class='ocr_line' id='line_1_52' title="bbox 806 3943 1417 4028; baseline -0.033 -10"><span class='ocrx_word' id='word_1_312' title='bbox 806 3963 863 4028; x_wconf 89' lang='lat' dir='ltr'><strong>Quo</strong></span> <span class='ocrx_word' id='word_1_313' title='bbox 886 3964 955 4016; x_wconf 88' lang='lat' dir='ltr'><strong>aute</strong></span> <span class='ocrx_word' id='word_1_314' title='bbox 979 3951 1228 4028; x_wconf 88' lang='lat' dir='ltr'><strong>comparativum,</strong></span> <span class='ocrx_word' id='word_1_315' title='bbox 1250 3951 1300 4015; x_wconf 76' lang='lat'><strong>463</strong></span> <span class='ocrx_word' id='word_1_316' title='bbox 1316 3975 1352 3985; x_wconf 94' lang='lat'>-</span> <span class='ocrx_word' id='word_1_317' title='bbox 1365 3943 1417 3999; x_wconf 93' lang='lat' dir='ltr'><strong>de-</strong></span> 
     </span>
     <span class='ocr_line' id='line_1_53' title="bbox 841 4037 1416 4108; baseline -0.035 -2"><span class='ocrx_word' id='word_1_318' title='bbox 841 4053 934 4106; x_wconf 88' lang='lat' dir='ltr'><strong>tracto</strong></span> <span class='ocrx_word' id='word_1_319' title='bbox 943 4041 1188 4107; x_wconf 89' lang='lat' dir='ltr'><strong>demonstrativo,</strong></span> <span class='ocrx_word' id='word_1_320' title='bbox 1200 4042 1245 4094; x_wconf 91' lang='grc'><strong>197</strong></span> <span class='ocrx_word' id='word_1_321' title='bbox 1254 4055 1261 4105; x_wconf 86' lang='grc'>;</span> <span class='ocrx_word' id='word_1_322' title='bbox 1270 4049 1365 4108; x_wconf 89' lang='lat' dir='ltr'><strong>-pro</strong></span> <span class='ocrx_word' id='word_1_323' title='bbox 1375 4037 1416 4094; x_wconf 89' lang='lat' dir='ltr'><strong>ut,</strong></span> 
     </span>
    </p>
   </div>
   <div class='ocr_carea' id='block_1_24' title="bbox 144 4130 1417 4655">
    <p class='ocr_par' dir='ltr' id='par_1_33' title="bbox 144 4130 1417 4655">
     <span class='ocr_line' id='line_1_54' title="bbox 144 4130 1417 4207; baseline -0.005 -25"><span class='ocrx_word' id='word_1_324' title='bbox 144 4131 312 4185; x_wconf 81' lang='lat' dir='ltr'><strong>Putorcum</strong></span> <span class='ocrx_word' id='word_1_325' title='bbox 335 4131 491 4205; x_wconf 86' lang='lat' dir='ltr'><strong>participio</strong></span> <span class='ocrx_word' id='word_1_326' title='bbox 514 4131 614 4203; x_wconf 85' lang='lat' dir='ltr'><strong>futuri,</strong></span> <span class='ocrx_word' id='word_1_327' title='bbox 638 4133 756 4190; x_wconf 93' lang='lat' dir='ltr'><strong>sublato</strong></span> <span class='ocrx_word' id='word_1_328' title='bbox 841 4136 956 4195; x_wconf 80' lang='lat' dir='ltr'><strong>etiamsi</strong></span> <span class='ocrx_word' id='word_1_329' title='bbox 980 4130 1200 4207; x_wconf 81' lang='lat' dir='ltr'><strong>comparativus</strong></span> <span class='ocrx_word' id='word_1_330' title='bbox 1228 4141 1290 4182; x_wconf 93' lang='lat' dir='ltr'><strong>non</strong></span> <span class='ocrx_word' id='word_1_331' title='bbox 1311 4137 1417 4194; x_wconf 87' lang='lat' dir='ltr'><strong>sequa·</strong></span> 
     </span>
     <span class='ocr_line' id='line_1_55' title="bbox 183 4221 1276 4295; baseline -0.012 -10"><span class='ocrx_word' id='word_1_332' title='bbox 183 4230 248 4284; x_wconf 63' lang='grc'><strong>93169</strong></span> <span class='ocrx_word' id='word_1_333' title='bbox 263 4221 322 4275; x_wconf 77' lang='lat'>¹75·</span> <span class='ocrx_word' id='word_1_334' title='bbox 841 4230 971 4295; x_wconf 78' lang='grc'><strong>199,891;</strong></span> <span class='ocrx_word' id='word_1_335' title='bbox 986 4227 1199 4291; x_wconf 78' lang='grc'><strong>-999991999,</strong></span> <span class='ocrx_word' id='word_1_336' title='bbox 1214 4221 1276 4273; x_wconf 77' lang='lat'>201.</span> 
     </span>
     <span class='ocr_line' id='line_1_56' title="bbox 439 4317 987 4411; baseline -0.007 -37"><span class='ocrx_word' id='word_1_337' title='bbox 439 4346 461 4411; x_wconf 76' lang='lat' dir='ltr'><strong><em>Q</em></strong></span> <span class='ocrx_word' id='word_1_338' title='bbox 805 4317 910 4383; x_wconf 83' lang='lat' dir='ltr'><strong><em>Quoad,</em></strong></span> <span class='ocrx_word' id='word_1_339' title='bbox 929 4318 987 4370; x_wconf 77' lang='lat' dir='ltr'><strong>tot.</strong></span> 
     </span>
     <span class='ocr_line' id='line_1_57' title="bbox 805 4400 1414 4473; baseline -0.007 -13"><span class='ocrx_word' id='word_1_340' title='bbox 805 4405 891 4473; x_wconf 83' lang='lat' dir='ltr'><strong><em>Quod,</em></strong></span> <span class='ocrx_word' id='word_1_341' title='bbox 907 4401 1207 4472; x_wconf 77' lang='grc'><strong>9991991991199199</strong></span> <span class='ocrx_word' id='word_1_342' title='bbox 1228 4403 1311 4470; x_wconf 83' lang='lat' dir='ltr'><strong>qaod,</strong></span> <span class='ocrx_word' id='word_1_343' title='bbox 1334 4400 1414 4473; x_wconf 80' lang='lat' dir='ltr'><strong>etc),</strong></span> 
     </span>
     <span class='ocr_line' id='line_1_58' title="bbox 145 4486 1417 4566; baseline -0.006 -13"><span class='ocrx_word' id='word_1_344' title='bbox 145 4486 276 4553; x_wconf 81' lang='lat' dir='ltr'><strong>Quaesere,</strong></span> <span class='ocrx_word' id='word_1_345' title='bbox 294 4497 424 4556; x_wconf 79' lang='lat' dir='ltr'><strong>anesum</strong></span> <span class='ocrx_word' id='word_1_346' title='bbox 437 4508 492 4566; x_wconf 87' lang='lat' dir='ltr'><strong>pro</strong></span> <span class='ocrx_word' id='word_1_347' title='bbox 508 4510 636 4560; x_wconf 77' lang='lat' dir='ltr'><strong>quaerore,</strong></span> <span class='ocrx_word' id='word_1_348' title='bbox 655 4501 755 4562; x_wconf 78' lang='grc'><strong>99999·-</strong></span> <span class='ocrx_word' id='word_1_349' title='bbox 842 4497 907 4557; x_wconf 82' lang='grc'><strong>198·,</strong></span> <span class='ocrx_word' id='word_1_350' title='bbox 923 4523 954 4535; x_wconf 86' lang='grc'>-</span> <span class='ocrx_word' id='word_1_351' title='bbox 972 4494 1046 4560; x_wconf 80' lang='lat' dir='ltr'><strong>quod</strong></span> <span class='ocrx_word' id='word_1_352' title='bbox 1065 4497 1098 4556; x_wconf 86' lang='lat' dir='ltr'><strong>st,</strong></span> <span class='ocrx_word' id='word_1_353' title='bbox 1125 4494 1185 4559; x_wconf 91' lang='grc'><strong>181,</strong></span> <span class='ocrx_word' id='word_1_354' title='bbox 1210 4493 1277 4561; x_wconf 79' lang='lat'><strong>2083</strong></span> <span class='ocrx_word' id='word_1_355' title='bbox 1293 4521 1328 4531; x_wconf 90' lang='lat'>—</span> <span class='ocrx_word' id='word_1_356' title='bbox 1344 4491 1417 4556; x_wconf 77' lang='lat' dir='ltr'><strong>quoa</strong></span> 
     </span>
     <span class='ocr_line' id='line_1_59' title="bbox 181 4581 1003 4655; baseline 0.005 -22"><span class='ocrx_word' id='word_1_357' title='bbox 181 4581 245 4644; x_wconf 65' lang='lat' dir='ltr'><strong>tum·</strong></span> <span class='ocrx_word' id='word_1_358' title='bbox 258 4587 353 4647; x_wconf 79' lang='lat' dir='ltr'><strong>quasit</strong></span> <span class='ocrx_word' id='word_1_359' title='bbox 369 4583 534 4655; x_wconf 84' lang='lat' dir='ltr'><strong>(perfecto),</strong></span> <span class='ocrx_word' id='word_1_360' title='bbox 552 4589 593 4640; x_wconf 76' lang='lat' dir='ltr'><strong>ta.</strong></span> <span class='ocrx_word' id='word_1_361' title='bbox 840 4584 929 4651; x_wconf 82' lang='lat' dir='ltr'><strong>modo,</strong></span> <span class='ocrx_word' id='word_1_362' title='bbox 942 4585 1003 4638; x_wconf 78' lang='grc'><strong>998.</strong></span> 
     </span>
    </p>
   </div>
   <div class='ocr_carea' id='block_1_25' title="bbox 53 4668 1416 4745">
    <p class='ocr_par' dir='ltr' id='par_1_34' title="bbox 53 4668 1416 4745">
     <span class='ocr_line' id='line_1_60' title="bbox 53 4668 1416 4745; baseline -0.001 -20"><span class='ocrx_word' id='word_1_363' title='bbox 53 4718 56 4725; x_wconf 91' lang='grc'><strong>.</strong></span> <span class='ocrx_word' id='word_1_364' title='bbox 143 4668 230 4734; x_wconf 85' lang='lat' dir='ltr'><strong><em>Quam</em></strong></span> <span class='ocrx_word' id='word_1_365' title='bbox 244 4671 273 4726; x_wconf 89' lang='lat' dir='ltr'><strong>et</strong></span> <span class='ocrx_word' id='word_1_366' title='bbox 287 4671 505 4742; x_wconf 86' lang='lat' dir='ltr'><strong>conjunctivus,</strong></span> <span class='ocrx_word' id='word_1_367' title='bbox 519 4688 574 4745; x_wconf 89' lang='lat' dir='ltr'><strong>pro</strong></span> <span class='ocrx_word' id='word_1_368' title='bbox 586 4674 755 4731; x_wconf 90' lang='lat' dir='ltr'><strong>accusativo</strong></span> <span class='ocrx_word' id='word_1_369' title='bbox 805 4675 882 4741; x_wconf 82' lang='lat' dir='ltr'><strong>Quod</strong></span> <span class='ocrx_word' id='word_1_370' title='bbox 894 4690 940 4742; x_wconf 76' lang='grc'><strong>999</strong></span> <span class='ocrx_word' id='word_1_371' title='bbox 951 4690 997 4728; x_wconf 89' lang='lat' dir='ltr'><strong>uos</strong></span> <span class='ocrx_word' id='word_1_372' title='bbox 1005 4690 1098 4728; x_wconf 87' lang='lat' dir='ltr'><strong>moaoo</strong></span> <span class='ocrx_word' id='word_1_373' title='bbox 1105 4687 1247 4740; x_wconf 79' lang='lat' dir='ltr'><strong>quaesoque</strong></span> <span class='ocrx_word' id='word_1_374' title='bbox 1255 4675 1286 4725; x_wconf 89' lang='lat' dir='ltr'><strong>ut</strong></span> <span class='ocrx_word' id='word_1_375' title='bbox 1292 4671 1416 4725; x_wconf 78' lang='lat' dir='ltr'><strong>animoa·</strong></span> 
     </span>
    </p>
   </div>
   <div class='ocr_carea' id='block_1_26' title="bbox 178 4757 1342 4837">
    <p class='ocr_par' dir='ltr' id='par_1_35' title="bbox 178 4757 1342 4837">
     <span class='ocr_line' id='line_1_61' title="bbox 178 4757 1342 4837; baseline -0.001 -23"><span class='ocrx_word' id='word_1_376' title='bbox 178 4763 207 4815; x_wconf 89' lang='grc'><strong>91</strong></span> <span class='ocrx_word' id='word_1_377' title='bbox 233 4757 390 4830; x_wconf 87' lang='lat' dir='ltr'><strong>infinitivo,</strong></span> <span class='ocrx_word' id='word_1_378' title='bbox 417 4765 486 4834; x_wconf 91' lang='grc'><strong>9991</strong></span> <span class='ocrx_word' id='word_1_379' title='bbox 513 4763 754 4837; x_wconf 86' lang='lat' dir='ltr'><strong>comparativum</strong></span> <span class='ocrx_word' id='word_1_380' title='bbox 838 4767 953 4817; x_wconf 82' lang='lat' dir='ltr'><strong>uortotts</strong></span> <span class='ocrx_word' id='word_1_381' title='bbox 969 4760 1056 4832; x_wconf 85' lang='lat' dir='ltr'><strong>(Add.</strong></span> <span class='ocrx_word' id='word_1_382' title='bbox 1072 4759 1111 4817; x_wconf 88' lang='lat' dir='ltr'><strong>ad</strong></span> <span class='ocrx_word' id='word_1_383' title='bbox 1126 4777 1156 4834; x_wconf 89' lang='lat' dir='ltr'><strong>p.</strong></span> <span class='ocrx_word' id='word_1_384' title='bbox 1176 4763 1234 4829; x_wconf 92' lang='grc'><strong>181,</strong></span> <span class='ocrx_word' id='word_1_385' title='bbox 1252 4758 1271 4814; x_wconf 90' lang='lat' dir='ltr'><strong>l.</strong></span> <span class='ocrx_word' id='word_1_386' title='bbox 1288 4759 1342 4831; x_wconf 82' lang='lat'>37).</span> 
     </span>
    </p>
   </div>
   <div class='ocr_carea' id='block_1_27' title="bbox 0 0 1662 5526">
    <p class='ocr_par' dir='ltr' id='par_1_36' title="bbox 0 0 1662 5526">
     <span class='ocr_line' id='line_1_62' title="bbox 0 0 1662 5526; baseline 0 0"><span class='ocrx_word' id='word_1_387' title='bbox 0 0 1662 5526; x_wconf 95' lang='lat' dir='ltr'><strong> </strong></span> 
     </span>
    </p>
   </div>
  </div>
 </body>
</html>
