3314 5526
648 414 846 471 -267-

162 604 193 613 -
204 570 224 628 l.
239 575 283 638 37,
304 573 359 627 ltaec
378 574 469 627 4444443
491 578 520 629 ai
538 576 604 644 Jug.
625 576 668 641 44,
688 578 715 639 9,

207 666 314 717 tametsi
326 662 426 735 ipsum
440 680 500 717 com
513 668 632 718 44444444
645 666 718 731 some

207 753 234 803 et
244 751 318 816 ferro
331 751 453 804 44444444
464 755 574 812 teneret,
585 754 675 806 tomen
687 765 718 805 se

206 853 348 892 memorem
369 839 553 893 turrenorum
574 854 675 899 rerum,
694 843 719 892 si

204 941 294 980 secum
300 926 389 993 sardus
395 929 507 993 fuceret,
514 928 659 981 incolumis
665 943 719 980 cm-

204 1016 248 1068 nis
260 1014 310 1067 sub
320 1013 421 1083 juqum
436 1016 595 1081 missurum,
609 1029 719 1086 prono

208 1117 279 1158 men
298 1105 389 1173 ipsum
412 1119 447 1159 eo
473 1108 653 1176 usurpatum
676 1107 720 1158 est

207 1189 280 1261 quia
299 1190 451 1263 oppositio
472 1190 636 1246 indicanda
657 1194 720 1246 erat

206 1278 283 1335 inter
294 1278 429 1352 primarii
443 1277 593 1334 enunciati
605 1278 720 1348 subjec-

206 1372 272 1422 tum
284 1382 312 1421 sc
324 1368 370 1437 (=
380 1367 557 1435 Juqurtltomt
568 1370 595 1422 et
608 1367 720 1436 subjec-

208 1460 273 1512 tum
286 1455 456 1513 secundarii
470 1456 623 1513 enunciati
636 1457 670 1527 (st
682 1473 721 1511 sc-

867 579 1379 654 portumsoretlraecsmnuuolebat(cl.

869 665 899 720 C.
917 670 943 736 5,
957 669 1026 727 3:J.
1044 671 1085 735 44,
1099 673 1137 737 4);
1155 669 1226 726 item
1242 673 1384 746 ultuspro

870 759 972 823 aliquis
985 758 1113 814 occurrit
1124 760 1188 831 lug.
1206 763 1250 830 97,
1265 763 1291 831 4,
1305 769 1383 818 onte·

871 849 1278 917 quamsiqnumootimperz'um
1287 848 1383 905 ullum

870 936 991 1002 occipere
1009 939 1108 1000 quivit.
1122 935 1214 992 Paulo
1236 936 1381 994 audacius

871 1020 1043 1093 exemplum
1064 1026 1107 1079 est
1125 1024 1187 1079 Cat.
1208 1026 1252 1092 52,
1277 1028 1318 1094 44,
1339 1028 1383 1081 liic

871 1105 938 1159 milri
960 1107 1120 1180 quisquam
1142 1112 1379 1168 mansuetudinem

873 1200 899 1249 et
909 1198 1124 1251 inisericordiam
1136 1203 1264 1267 4444444444,
1278 1200 1328 1256 ubi
1341 1200 1383 1256 in·

873 1279 1066 1351 telligendum
1080 1287 1123 1338 est
1134 1288 1194 1355 fieri
1207 1302 1240 1339 ne
1248 1291 1339 1355 potest
1351 1293 1382 1340 ut

872 1366 1032 1439 quisquam
1063 1401 1097 1408 -
1125 1374 1267 1426 nominet!
1305 1371 1381 1441 (llic-

871 1457 990 1523 mann).

206 1562 267 1600 cum
282 1547 372 1613 sudus
392 1546 517 1613 fuceret),
545 1543 575 1598 id
599 1548 643 1598 est
658 1544 719 1598 Ao·
770 1544 800 1597 P.
815 1545 859 1611 46,
872 1543 891 1598 l.
907 1546 996 1613 36-34,
1015 1563 1067 1616 pro
1081 1550 1100 1615 l,
1123 1551 1199 1618 lcqc:
1217 1554 1253 1618 l⁰;
1270 1556 1333 1606 item
1349 1568 1379 1625 p.

207 1635 263 1688 tum
275 1632 357 1704 (Vide
370 1632 528 1700 Riemann,
547 1635 563 1687 t.
578 1634 596 1688 t.
615 1647 645 1704 p.
669 1633 718 1685 443

206 1735 284 1792 sqq,
295 1720 346 1792 qui
353 1726 431 1777 recte
440 1719 523 1776 hunc
531 1717 720 1793 pronominis

207 1813 265 1878 ipse
277 1825 366 1864 usum
377 1809 559 1881 explicavit.)
814 1815 858 1879 44,

871 1637 916 1702 44,
927 1635 945 1691 l.
956 1638 1011 1703 4-5,
1019 1653 1071 1706 pro
1081 1638 1113 1705 ll,
1126 1639 1183 1707 leqc
1192 1656 1199 1694 :
1208 1642 1247 1708 2ο,
1257 1644 1286 1695 44
1295 1656 1325 1713 p.
1335 1643 1380 1709 42,

870 1723 890 1779 l.
905 1726 959 1790 45,
970 1741 1023 1794 pro
1037 1727 1083 1791 lll‚
1098 1728 1154 1793 que
1168 1744 1175 1781 :
1190 1728 1229 1782 3⁰.

872 1811 891 1867 l.
906 1814 949 1880 24,
957 1829 1009 1882 pro
1018 1815 1149 1883 intelttqc
1161 1817 1218 1883 troc
1230 1818 1380 1885 :intelteqo

110 1896 140 1950 P.
152 1897 197 1963 46,
211 1896 230 1951 l.
248 1899 334 1965 4445,
344 1897 516 1970 parenthesi
527 1896 646 1953 include
658 1913 720 1952 ver·
816 1905 860 1969 44,
874 1900 892 1956 4.
911 1904 933 1956 l.
948 1904 1032 1957 Hunc
1045 1902 1193 1959 Ciceronis
1202 1903 1301 1960 locum
1311 1920 1380 1961 cum

205 1984 265 2041 ba:
281 1983 316 2039 cf.
333 1986 394 2040 Cat.
412 1988 435 2046 4,
449 1988 475 2051 4,
489 1987 530 2039 itu
543 2017 577 2024 —
590 1990 657 2053 cort.

159 2104 192 2114 -
204 2071 224 2128 l.
243 2078 287 2142 44,
308 2074 363 2129 luc
381 2075 453 2128 udde
471 2091 478 2128 :
499 2077 630 2130 ceterum
649 2075 720 2127 ulter

206 2166 234 2217 et
246 2164 319 2217 tilios
331 2162 362 2217 in
375 2161 492 2233 vulgari
504 2178 642 2218 sermone
653 2178 719 2218 ma·

207 2254 271 2306 ture
289 2250 438 2323 permixta
456 2249 547 2306 fuisse
568 2250 716 2307 videntur.

871 1987 921 2044 illo
936 1988 1064 2044 Sallustii
1077 1991 1150 2062 (Cat.
1165 1992 1191 2060 3,
1205 1995 1232 2058 2)
1253 1991 1381 2048 conferri

870 2093 958 2150 posse
966 2082 1056 2148 negat
1063 2078 1262 2151 4444444444
1276 2096 1307 2153 p.
1320 2083 1379 2147 496,

871 2169 932 2221 not.
947 2166 985 2237 2),
1003 2166 1117 2222 nullam
1137 2184 1207 2224 vero
1228 2168 1381 2242 opinionis

873 2267 935 2307 sure
947 2251 1092 2308 rationem
1106 2253 1200 2309 affert.

209 2340 279 2397 Vide
292 2341 464 2413 exemplum
480 2339 569 2397 Taciti
589 2342 677 2416 (nnn.
698 2357 716 2408 1,
822 2372 856 2380 —
867 2341 886 2395 l.
902 2343 943 2408 45,
954 2356 1006 2410 pro
1019 2343 1131 2410 impelli,
1147 2343 1204 2411 teqe
1218 2359 1224 2397 :
1239 2346 1343 2413 inpelli.

208 2429 255 2498 43)
268 2428 352 2500 quod
364 2429 449 2484 affert
465 2434 498 2483 A.
521 2430 719 2483 Darmesteter
822 2462 856 2471 —
868 2431 887 2487 l.
903 2435 945 2498 24,
967 2432 1023 2499 leqe
1037 2448 1043 2485 :
1058 2432 1142 2486 dentis
1158 2434 1208 2487 4444
1226 2434 1276 2487 otti
1289 2435 1380 2502 pluras
1476 2417 1479 2422 ⁸

207 2516 238 2572 in
251 2533 306 2572 sno
321 2520 412 2572 Tro-tte
425 2520 457 2573 de
470 2521 497 2573 lo
509 2522 658 2587 formation
671 2520 718 2573 des

869 2520 979 2574 hubent.

205 2608 524 2676 motscomposcsduosto
533 2610 632 2676 touque
640 2610 718 2676 fron·
820 2639 854 2648 —
866 2607 886 2663 l.
900 2611 944 2673 43,
959 2609 1015 2676 leqc
1029 2623 1036 2662 :
1050 2607 1146 2677 opibus
1159 2614 1291 2678 superant
1300 2631 1325 2662 4.

205 2700 275 2760 colse
287 2695 430 2768 inscripto
443 2695 530 2763 libro,
544 2712 574 2769 p.
589 2699 633 2752 63.
646 2720 652 2732 ·
799 2700 843 2765 43,
858 2698 876 2752 4.
893 2699 934 2764 44,
949 2696 1020 2750 444444
1034 2696 1097 2751 Cat.
1113 2699 1156 2765 54,
1171 2700 1222 2752 26.

155 2781 278 2841 -1.24,
295 2781 373 2838 adde
390 2782 455 2838 haec
475 2783 614 2856 exempla
626 2799 644 2839 a
656 2783 717 2839 aie·
820 2817 853 2825 -
866 2783 885 2839 l.
902 2786 943 2850 46,
966 2783 1021 2837 taec
1032 2782 1103 2837 uelde
1122 2800 1128 2837 :
1148 2784 1241 2839 Cetera
1261 2788 1379 2856 (neutro

206 2886 321 2926 manno
336 2872 425 2927 allata
439 2889 445 2926 :
460 2875 510 2927 ulii
528 2889 618 2927 omnes
639 2873 715 2943 (lug.

204 2962 248 3026 94,
266 2959 304 3030 6);
319 2961 374 3013 olio
388 2965 480 3014 omnio
495 2961 529 3031 (4.
550 2963 595 3028 46,
616 2965 647 3028 23
671 2965 715 3029 52,

205 3047 717 3118 2;54,6ι63,2·,84,2·,89.5);444411-

203 3130 287 3203 plum
300 3133 323 3186 4.
341 3134 384 3196 85,
398 3135 427 3186 44
439 3132 602 3204 (sudorem,
616 3133 717 3205 pulve-

145 3247 152 3259 ·
205 3237 268 3276 rem
283 3226 310 3277 et
320 3223 377 3276 olto
391 3224 458 3276 totto
468 3222 651 3295 relinquant)
665 3240 717 3279 no

203 3309 249 3365 bis
266 3310 393 3366 dubium
406 3310 532 3366 videtur.
547 3310 643 3375 Quam
654 3312 717 3383 qui-

203 3397 273 3453 dem
307 3399 454 3454 sermonis
481 3398 713 3470 negligentiam.

203 3485 341 3543 Sallustio
354 3492 381 3543 et
395 3487 474 3542 Livio
485 3487 667 3554 adamatam,
680 3506 716 3544 ex·

203 3572 319 3644 vulgari
346 3589 484 3630 sermone
507 3580 604 3632 ortam
629 3581 715 3649 putat

869 2873 898 2946 pl
903 2872 1071 2944 malitque.
1080 2871 1178 2929 forma
1189 2873 1271 2946 apud
1282 2888 1379 2930 aureae

867 2961 1127 3033 aetatisscriptores
1136 2961 1239 3019 deesse
1252 2961 1378 3029 videtur,

868 3046 950 3119 apud
964 3045 1134 3102 Sallustium
1147 3051 1191 3101 est
1208 3049 1273 3118 lug.
1291 3050 1332 3111 444,
1351 3051 1378 3110 4,

864 3140 966 3205 prater
978 3150 1074 3189 nornen
1086 3138 1183 3189 cetera
1198 3133 1322 3205 ignarus
1331 3151 1379 3204 po-

864 3223 928 3291 puli
941 3223 1054 3276 Romoot
1067 3219 1113 3288 (cf.
1125 3219 1240 3287 llist.1v,
1250 3220 1289 3290 8),
1298 3223 1322 3276 4.
1333 3224 1377 3287 89,

870 3312 896 3374 6,
915 3310 1061 3378 Capsenses
1079 3310 1232 3364 utromodo
1250 3314 1375 3377 atquem

868 3403 943 3452 intro
955 3398 1085 3467 oppidum
1100 3398 1165 3467 juqi
1184 3415 1267 3465 aquo,
1282 3404 1377 3456 cetcra

864 3490 963 3562 pluoto
991 3486 1169 3554 utebantur3
1203 3503 1238 3543 ac
1269 3487 1377 3543 deinde

868 3575 950 3648 apud
964 3574 1076 3630 livium
1089 3574 1226 3632 occurrit.

202 3661 394 3729 Riemannus‚
404 3679 466 3718 non
479 3663 543 3719 sine
555 3664 657 3736 aliqua
668 3681 716 3720 ve·
818 3693 852 3701 —
864 3659 883 3716 l.
898 3664 942 3728 26,
951 3661 1006 3716 lraec
1015 3662 1101 3716 udde:
1115 3661 1257 3727 Equidem.
1271 3693 1305 3702 -
1317 3663 1377 3718 tor·

201 3748 295 3805 ritatis
308 3750 415 3822 specie.
430 3749 471 3806 Cl.
484 3767 552 3823 quae
560 3767 652 3824 supra
664 3752 715 3823 (ad

202 3837 221 3892 l.
237 3841 283 3910 24)
298 3839 429 3896 diximus
442 3839 479 3895 de
496 3841 714 3898 vocabulorum

201 3926 307 3981 alteret
315 3927 387 3981 altus
396 3925 602 3998 permixtione,
610 3927 714 3983 etvide

203 4013 339 4083 Wtillllin,
354 4017 519 4084 Philolcqus
534 4032 630 4079 44444,
641 4031 710 4089 pag.

204 4103 251 4155 434
266 4118 333 4174 sqq.

152 4220 186 4228 ——
197 4187 216 4243 l.
230 4193 274 4256 24,
292 4191 347 4245 liar
367 4191 459 4245 udde:
475 4191 511 4246 dc
531 4190 712 4263 pronomine

200 4282 345 4343 quisquam
365 4293 423 4333 usu
442 4293 542 4349 pauca
563 4283 647 4335 erant
666 4277 711 4334 di·

201 4365 306 4423 cenda.
321 4369 381 4423 lloc
399 4381 469 4423 vero
487 4367 579 4424 utitur
601 4367 710 4424 Sallus-

200 4453 258 4511 tius
266 4455 297 4510 in
310 4455 521 4529 comparativis
534 4454 709 4525 enunciatis,

198 4545 252 4601 ubi
271 4545 429 4617 negativus
448 4562 555 4603 sensus
575 4546 656 4613 latet,
679 4551 712 4603 ut

200 4635 261 4690 Cat.
278 4637 320 4704 44,
334 4640 360 4704 4,
374 4637 423 4691 sed
439 4653 473 4690 eu
484 4637 547 4691 ultis
559 4637 639 4691 rebus
650 4652 709 4691 mu-

200 4728 243 4790 444
256 4739 338 4790 quom
351 4726 424 4790 quod
436 4724 578 4797 cuiquam
597 4724 627 4777 id
643 4739 712 4778 ccm-
733 4736 738 4790 ι

869 3749 968 3805 danus
981 3749 1130 3818 (Krittsclrc
1152 3751 1291 3819 54444494,
1305 3766 1374 3822 pug.

867 3839 960 3909 322-3)
981 3843 1058 3894 44444
1087 3837 1300 3895 animadvertit
1319 3839 1377 3895 Sal·

865 3927 987 3983 lustium
1000 3942 1060 3982 non
1074 3927 1130 3983 nisi
1147 3927 1179 3983 in
1191 3926 1376 3983 orationibus

862 4014 942 4070 hanc
953 4013 1131 4087 particulam
1143 4030 1298 4087 usurpare,
1310 4014 1375 4071 etid

866 4102 988 4176 quidem
1001 4102 1147 4159 ornandoe
1156 4102 1299 4160 orationis
1309 4118 1376 4159 cau-

864 4207 897 4246 sa
909 4190 1014 4247 lacere.
1036 4189 1266 4248 Ciceronianam
1285 4206 1376 4247 usum

865 4280 986 4340 adhibet
1005 4281 1051 4338 his
1071 4280 1144 4338 locis
1158 4297 1165 4336 ε
1180 4282 1241 4337 Cat.
1263 4284 1306 4347 54,
1329 4284 1374 4345 ⁶20,

863 4385 975 4438 possum
988 4370 1111 4437 equidem
1133 4370 1220 4426 dicere
1239 4367 1287 4439 (cl.
1303 4369 1372 4425 llist.

865 4475 884 4524 1,
899 4463 943 4524 54,
957 4464 1067 4527 6·,44,4,
1081 4461 1112 4525 4·,
1124 4474 1162 4525 44,
1178 4462 1220 4527 49,
1238 4460 1266 4514 43
1280 4462 1309 4515 44
1321 4460 1373 4530 m).

864 4548 937 4603 Atin
946 4548 993 4604 his
1001 4564 1068 4621 quie
1076 4551 1244 4620 sequuntur
1251 4548 1375 4615 equidem

863 4650 925 4691 non
938 4652 993 4709 pro
1006 4653 1053 4705 cqc
1066 4634 1314 4709 quidonpositum
1324 4633 1376 4691 hu-

863 4721 1039 4795 beripotest‚
1051 4720 1114 4787 sed,
1123 4725 1155 4778 ut
1165 4720 1205 4778 ait
1214 4720 1373 4785 icmarus,
