3360 5528
751 374 946 432 -l28—

205 520 306 604 magis
331 540 441 584 certem
464 529 588 584 statam
611 530 643 584 et
669 516 993 604 condicionemque
1021 517 1129 604 aliquo
1145 531 1286 605 temporo
1313 530 1372 601 est,
1395 518 1484 585 desi-

203 647 301 712 gnare
316 626 490 706 contendit,
511 626 755 713 suspicaturque
770 626 829 691 hoc
848 625 973 691 dicendi
989 644 1089 710 genus
1114 646 1151 692 ex
1166 647 1227 692 usu
1247 627 1390 712 vulgaris
1409 647 1484 692 ser-

203 734 305 800 monis
322 734 459 799 lluxisse.
478 734 580 812 Quam
593 734 776 818 opinionem
790 732 972 798 Dietschius
987 732 1083 798 nimis
1099 733 1265 819 quesitam
1286 733 1391 813 ducit3
1406 754 1484 799 cum

204 861 305 928 neque
327 841 358 905 in
375 851 462 906 tanta
489 840 701 906 similitudine
720 840 864 905 notiones
890 840 947 905 loci
966 861 1001 905 ac
1020 840 1171 924 temporis
1189 840 1340 905 conlundi
1357 841 1481 906 mirum

202 948 255 1027 sit,
276 967 379 1033 neque
403 947 550 1013 omnibus
577 948 651 1013 locis
667 948 732 1012 lraec
752 947 940 1033 significatio
964 956 1038 1030 apta
1062 947 1114 1023 sit,
1132 968 1180 1012 ex.
1204 967 1251 1032 gr.
1274 948 1342 1012 Cot.
1364 948 1417 1026 15,
1442 947 1479 1026 3,

198 1065 375 1142 postquam
393 1054 431 1118 od
449 1053 479 1118 id
497 1055 553 1119 loci
575 1052 679 1142 lopati
691 1092 732 1102 —
747 1074 879 1135 oanere;
893 1055 910 1119 J
915 1073 964 1139 ug.
979 1054 1035 1127 75,
1055 1054 1087 1131 7,
1110 1050 1223 1119 deinde
1238 1052 1296 1119 nbi
1311 1053 1351 1119 od
1369 1053 1399 1119 id
1414 1055 1480 1120 loci

200 1172 344 1240 rientrnn,
366 1181 430 1247 qna
449 1158 603 1226 Numidis
614 1170 826 1249 praeeperat,
851 1159 903 1225 ubi
921 1158 985 1224 loci
1001 1179 1058 1224 vox
1074 1159 1247 1246 genuinam
1265 1159 1482 1244 significatio-

202 1287 274 1331 nem
293 1267 439 1332 servovit.
467 1267 612 1332 Ceterum
635 1270 676 1332 cl.
695 1288 731 1331 eo
753 1265 963 1331 ntiseriarnm
980 1267 1021 1351 (J.
1041 1267 1094 1345 11,
1113 1266 1164 1351 3);
1181 1287 1217 1331 eo
1232 1263 1481 1354 mapnt'tndinis

203 1374 242 1458 (1.
264 1374 293 1450 1,
316 1376 369 1458 dl:
387 1395 423 1438 eo
442 1372 600 1439 vecordia
617 1375 656 1460 (l.
676 1375 707 1448 5,
726 1375 772 1457 1).

244 1482 282 1546 D.
308 1516 352 1530 —-
374 1481 544 1546 Gsnrmvos
567 1501 628 1546 cun
651 1502 769 1545 vuners.
795 1515 839 1528 -
862 1479 908 1544 Ad
924 1479 1118 1566 rerltequod
1138 1480 1264 1554 attinet,
1281 1476 1478 1561 admonere,

201 1586 286 1673 quod
303 1590 490 1673 plerumque
509 1608 581 1653 cum
607 1587 745 1672 genitivo
770 1586 814 1651 rei
840 1588 985 1674 jungitur
1011 1587 1092 1669 (Cat.
1114 1587 1169 1660 11,
1192 1587 1229 1666 1;
1253 1587 1326 1670 lug.
1349 1587 1404 1665 95,
1426 1588 1477 1671 1),

200 1714 271 1760 cum
290 1680 511 1780 propositione
524 1692 563 1759 dc
579 1707 610 1759 ct
625 1694 763 1759 ablativo
780 1693 942 1758 invonitur
956 1694 1065 1771 semel,
1083 1693 1151 1758 Cot.
1166 1695 1199 1773 5,
1216 1693 1249 1771 9,
1262 1692 1424 1780 pecuniam
1438 1691 1480 1758 de

200 1799 346 1866 moribus
366 1799 507 1866 civitatis
532 1813 658 1888 tempas
678 1797 862 1878 admonuit,
887 1801 940 1885 (cl.
963 1821 1000 1865 ea
1020 1792 1091 1885 quae
1111 1821 1209 1886 supra
1225 1800 1364 1865 diximus
1380 1801 1477 1866 initio

200 1907 331 1992 capituli
355 1907 393 1973 de
414 1908 625 1992 accusativo);
640 1909 735 1972 semel
762 1909 859 1972 etiem
882 1927 954 1972 cum
970 1908 1160 1986 accusativo,
1179 1909 1251 1993 lug.
1279 1908 1333 1978 ts,
1351 1908 1382 1984 1,
1399 1929 1477 1973 eam

199 2036 268 2080 rent
283 2037 341 2080 nas
360 2014 449 2080 locas
473 2013 657 2095 admonuit,
677 2015 820 2080 ubinam
843 2036 911 2079 ran
931 2027 1044 2080 neutro
1057 2036 1171 2102 genere
1193 2016 1390 2101 pronominis
1418 2017 1476 2081 de-

198 2123 470 2188 monstrativivim
482 2121 589 2201 habet,
602 2122 687 2208 quod
697 2121 873 2186 accusativo
884 2141 957 2187 cum
967 2123 1062 2187 verbo
1074 2119 1250 2187 admonere
1267 2121 1357 2207 jungi
1379 2124 1473 2210 solet.

201 2228 460 2314 (Bodstuebner).
478 2231 611 2294 Monere
626 2249 712 2308 vero,
727 2229 811 2315 quod
828 2250 846 2293 a
860 2228 967 2295 Tacito
982 2249 1053 2294 cum
1068 2227 1208 2313 genitivo
1223 2249 1279 2314 pro
1296 2225 1476 2294 admonere

200 2346 388 2421 usurpatum
409 2348 466 2416 est,
483 2335 567 2421 apud
584 2335 775 2402 Sallustium
790 2356 862 2401 cum
881 2335 1002 2422 objecto
1021 2336 1066 2401 rei
1088 2356 1150 2400 non
1173 2336 1347 2401 invenitur.

185 2428 188 2435 ’
245 2444 347 2510 Verba
367 2441 580 2509 adtendentem
595 2455 625 2509 et
640 2442 789 2530 apostatis
804 2464 875 2509 cam
889 2443 1028 2508 alilotiru
1045 2443 1088 2509 rei
1102 2443 1192 2530 jungi
1209 2446 1310 2523 solere
1325 2452 1468 2523 constat3

199 2560 338 2616 attamen
365 2549 512 2639 implora
535 2549 709 2638 complere,
732 2570 836 2637 epora
860 2551 1098 2636 praesertimquc
1113 2547 1262 2637 indiqere
1289 2570 1362 2615 cum
1376 2551 1476 2634 geni·

200 2658 263 2724 tivo
279 2658 363 2742 apud
377 2667 485 2743 poetas
499 2669 530 2723 ct
545 2657 734 2742 posteriores
749 2659 861 2722 solutee
875 2657 1028 2722 orationis
1040 2657 1209 2742 scriptores
1230 2656 1402 2742 aliquoties
1419 2677 1477 2723 oc—

199 2775 343 2845 currunt,
363 2776 398 2831 ut
418 2764 502 2850 apud
517 2764 656 2842 Livium,
679 2764 729 2841 10,
747 2765 800 2840 11,
817 2784 973 2850 errorque
985 2762 1075 2828 utilis
1089 2763 1248 2830 Romanis
1267 2762 1397 2828 oblatas
1410 2764 1475 2852 fa-

198 2893 248 2958 pa
260 2869 516 2958 formidinisque
537 2869 702 2936 Samnites
721 2868 881 2960 impleuit.
914 2872 1086 2936 Sallustius
1114 2890 1214 2937 unum
1237 2882 1361 2937 tontum
1380 2872 1474 2937 verbi

198 2977 345 3066 indipare
368 2999 440 3044 cum
464 2979 602 3064 genitivo
623 2978 724 3064 juncti
750 2980 930 3064 exemplum
954 2978 1049 3043 hehet
1071 2979 1157 3064 (lug.
1186 2980 1261 3053 110,
1286 2980 1320 3054 2,
1345 2977 1475 3043 nrtllt'as

199 3084 360 3172 indipnt'),·
382 3086 520 3171 plurima
540 3105 613 3150 vero
630 3085 717 3152 verbi
748 3106 841 3172 apere
869 3086 1034 3170 exempla:
1059 3086 1126 3151 Cot.
1152 3086 1207 3164 51,
1230 3085 1289 3166 373
1312 3086 1384 3169 lug.
1415 3085 1472 3160 11,

200 3194 257 3274 t7;
278 3195 329 3272 11,
347 3194 406 3274 ‘233
424 3193 478 3269 31,
496 3193 554 3273 29;
573 3192 625 3268 13,
644 3192 680 3272 3;
703 3193 757 3270 57,
777 3194 812 3272 1;
833 3192 888 3268 89,
911 3193 947 3269 53
965 3192 1038 3267 110,
1057 3191 1094 3271 3;
1110 3193 1191 3260 Hist.
1208 3214 1242 3268 11,
1262 3194 1318 3271 50,
1336 3193 1367 3257 1.
1385 3192 1472 3258 Cum

199 3299 336 3364 ablativo
352 3312 455 3364 tumen
472 3320 565 3386 opere
582 3299 743 3364 invenitur
760 3298 862 3364 tribus
878 3299 973 3364 loeis:
991 3299 1058 3363 Cot.
1078 3300 1108 3377 1,
1127 3300 1158 3376 7,
1173 3296 1316 3364 alteram
1332 3297 1475 3364 alterins

197 3405 325 3471 arcadia
345 3418 432 3493 θροις
452 3408 522 3491 Jug.
541 3407 573 3485 1,
596 3407 627 3485 3,
649 3426 754 3493 nequa
766 3406 906 3493 fortuna
922 3415 994 3493 epet
1009 3404 1179 3491 (amintas),
1202 3406 1255 3470 ubi
1273 3407 1364 3490 pauci
1386 3405 1475 3471 dete-

198 3513 297 3578 riores
311 3513 382 3577 lilni
406 3512 581 3598 genitivum
612 3513 778 3591 cxlnbent3
798 3515 869 3599 lug.
894 3513 947 3591 11,
971 3512 1002 3588 3,
1020 3533 1059 3576 ac
1077 3534 1234 3577 manante
1257 3509 1369 3577 dederi
1385 3510 1477 3578 milri

198 3617 352 3706 berteficr'a
372 3640 393 3682 a
401 3617 528 3706 popolo
547 3621 697 3684 Romana
712 3618 831 3706 quidus
845 3641 910 3684 non
934 3640 1076 3706 sperent:
1098 3619 1236 3704 denique
1252 3639 1324 3683 cum
1340 3638 1473 3684 aecusa-

197 3727 260 3792 tivo
277 3727 407 3791 sortasse
430 3729 501 3812 lug.
522 3727 576 3802 98,
595 3729 627 3800 3,
652 3725 735 3791 alter
759 3725 836 3793 usta
863 3737 1066 3815 opportunus
1085 3725 1215 3811 (collis),
1244 3725 1324 3813 qaia
1342 3746 1472 3815 maprra

189 3844 290 3928 parte
304 3831 409 3899 editas
421 3845 604 3923 etpraecops
614 3855 727 3923 panca
742 3832 948 3899 munimenta
963 3855 1127 3907 ouantem
1138 3832 1309 3919 (Jordanus
1325 3832 1471 3898 elDiets·

195 3941 285 4007 chius
301 3961 400 4007 unum
416 3962 452 4006 ex
470 3941 668 4026 interpolatis
682 3940 843 4006 codicibus
858 3940 1056 4026 sequentes);
1072 3938 1186 4027 epedat
1199 3960 1272 4006 oum
1288 3939 1471 4006 accusativo

197 4048 314 4133 plurali
335 4048 398 4114 duo
412 4048 534 4114 codices
546 4049 663 4123 lerunt,
682 4058 819 4133 quatuor
829 4068 901 4113 eum
913 4047 1052 4113 ablativo
1064 4047 1237 4132 singulari3
1252 4047 1306 4112 olii
1319 4043 1469 4133 repebat,

194 4153 339 4242 perabat,
354 4153 527 4243 peradant3
541 4175 624 4221 unus
639 4152 923 4242 tuntumropadat.
941 4155 987 4220 ct.
1005 4156 1111 4220 Plaut.
1127 4153 1300 4219 llleueclrm.
1319 4175 1341 4230 ι,
1357 4155 1391 4231 2,
1409 4154 1470 4221 l2.

84 4266 86 4270 ’
195 4283 252 4326 nec
267 4262 445 4349 quicquam
460 4283 549 4349 epea.
569 4262 726 4328 Similiter
740 4261 973 4328 substantivum
988 4273 1124 4349 epestas,
1141 4261 1226 4348 quod
1242 4260 1326 4346 apud
1343 4261 1469 4326 Cicero·

195 4388 267 4433 nem
284 4370 427 4434 absolute
448 4369 590 4455 ponitur,
618 4389 689 4434 cum
709 4367 847 4454 genitivo
863 4368 974 4454 objecti
995 4369 1162 4455 jungitur:
1180 4370 1250 4454 lag.
1275 4369 1329 4445 11,
1351 4368 1384 4446 1,
1400 4389 1470 4455 pa-

196 4473 266 4540 butt
284 4486 421 4563 epactam
439 4476 506 4542 Cot.
529 4476 583 4553 58,
606 4476 642 4555 63
659 4478 698 4541 cl.
717 4477 789 4541 Tne.
806 4476 889 4541 Anu.
910 4477 942 4552 6,
957 4476 1016 4555 233
1035 4469 1116 4541 Hist.
1139 4477 1171 4550 1,
1186 4475 1239 4540 35.

237 4584 272 4647 E.
300 4620 341 4629 —
366 4585 533 4649 Gmurmos
556 4603 616 4648 cun
650 4603 873 4649 rnononrnmos
898 4604 1051 4648 runsonu.
1078 4618 1122 4631 -
1150 4581 1315 4649 Genitivus
1333 4578 1468 4669 sabjec-

195 4688 279 4754 tiaas
303 4690 525 4773 pronominum
546 4690 763 4773 personalium
779 4709 836 4775 pro
856 4690 1040 4774 possessivis
1060 4689 1248 4774 positorum,
1269 4687 1324 4775 qui
1347 4690 1467 4775 saepius
