3314 5526
718 432 913 491 —228-

181 576 255 642 clati
271 585 318 642 est
340 575 517 663 subjectum
537 577 702 656 referrent,
723 586 778 642 aut
801 576 991 643 substantivi
1012 578 1151 644 verbalis
1173 578 1274 644 instar
1301 590 1462 665 ponerent

182 682 268 770 quod
294 682 326 747 in
348 681 525 767 genitivum
548 683 748 768 potissimum
769 682 872 749 cadat.
899 684 1461 766 (Cl.Kritz.,Dietsch.‚lacobs.‚ad

182 792 253 876 Jug.
272 791 327 869 68,
340 790 389 874 8).
403 788 450 856 Ad
464 790 535 876 lug.
554 791 609 867 dv,
632 791 653 856 8
668 791 753 877 quod
767 791 891 869 attinet,
910 791 1099 858 locutionem
1112 788 1159 856 ad
1171 790 1408 880 imperandum
1425 815 1462 861 ex

184 917 243 963 usu
254 895 434 984 quotidiani
446 897 601 963 sermonis
612 898 702 983 quasi
716 898 748 963 in
765 899 937 965 solemnem
950 898 1122 965 lovmulam
1138 898 1253 964 antisse
1269 909 1353 966 vecte
1368 901 1462 968 docet

182 1003 337 1083 Κιίιιίιιε,
347 1023 449 1089 neque
461 1003 753 1090 Sallustiusconlra
764 1005 866 1070 aetatis
879 1026 944 1072 suae
957 1005 1219 1072 consuetudinem
1233 1007 1401 1093 scripsisse
1415 1009 1460 1074 vi-

182 1109 506 1195 deturdmbiguilate
518 1110 612 1196 liujus
624 1109 867 1177 constructionis
878 1113 995 1178 abusus
1006 1112 1127 1191 Cicero,
1145 1112 1185 1177 ad
1196 1114 1285 1178 Fam.
1301 1134 1345 1190 ιι,
1362 1114 1460 1194 aad,

180 1219 285 1305 jocose
301 1216 381 1283 dixit
398 1242 405 1282 ε
424 1238 538 1283 «nanc
558 1214 635 1282 ades
656 1218 696 1283 ad
710 1218 933 1304 imperandum
950 1217 1002 1285 uel
1017 1219 1056 1284 ad
1072 1219 1248 1304 parendum
1261 1219 1394 1308 potias3
1416 1220 1462 1286 sic

184 1323 271 1390 enim
294 1322 427 1410 antiqui
449 1321 682 1411 loquebantur,
708 1351 719 1383 ι
747 1324 832 1411 quod
856 1325 986 1411 quidem
1005 1326 1231 1391 Boetlicherum
1247 1328 1336 1412 (Lex,
1359 1327 1462 1393 Taciti

184 1452 215 1516 p.
238 1432 316 1516 ult)
332 1431 364 1496 iu
381 1431 553 1496 absurdum
569 1450 708 1497 errorem
729 1430 866 1512 induxit,
883 1433 938 1518 qui
954 1444 1062 1498 nostro
1074 1443 1105 1497 et
1118 1432 1279 1499 Ciceronis
1293 1435 1360 1500 loco
1377 1433 1462 1499 ellici

184 1548 276 1625 putat
288 1539 420 1604 verbum
436 1536 600 1625 imperare
610 1537 711 1623 prisco
731 1558 818 1604 ruore
833 1540 928 1624 plane
944 1539 1027 1604 idem
1043 1539 1181 1605 valuisse
1196 1539 1281 1626 quod
1289 1561 1419 1628 parcre
1437 1541 1460 1606 ¹.

228 1646 263 1711 6⁰
281 1644 395 1713 Verbis
419 1641 601 1724 decernere,
626 1654 781 1725 statuere,
802 1646 1026 1731 similibusque
1045 1666 1122 1732 quae
1149 1647 1320 1712 consilium
1340 1647 1465 1734 signill-

183 1762 269 1832 ount,
291 1751 465 1818 Sallustius
486 1750 571 1816 haud
590 1771 663 1816 raro
679 1772 735 1836 pro
755 1751 1011 1818 nudoinlmitivo
1024 1753 1238 1820 accusativum
1256 1774 1329 1820 cum
1342 1774 1462 1841 gerun-

183 1860 256 1926 divo
270 1858 389 1947 junxit,
405 1879 467 1945 quo
486 1858 654 1924 consilium
674 1878 712 1923 ex
726 1859 806 1946 ejus,
824 1859 878 1944 qui
901 1860 982 1924 illud
1002 1862 1133 1944 ceperit,
1151 1861 1308 1926 sententio
1324 1881 1340 1927 e
1356 1880 1464 1927 neces·

184 1968 276 2034 sitate
287 1966 427 2052 quadam
441 1966 691 2052 prolectumesse
708 1965 878 2042 indicetur,
896 1987 933 2032 ex
947 1987 994 2050 gr.
1013 1991 1020 2032 :
1038 1968 1108 2052 lug.
1125 1967 1180 2045 30,
1198 1969 1230 2045 5,
1248 1989 1288 2032 ea
1303 1966 1402 2055 copia
1417 1989 1463 2033 re·

184 2096 261 2142 rtem
279 2073 397 2139 statuit
418 2070 507 2138 nihil
529 2070 594 2137 silli
612 2070 809 2160 opitartdum
833 2073 886 2159 (cl.
905 2075 959 2154 51,
975 2075 1027 2157 5);
1050 2075 1118 2139 Cat.
1137 2075 1191 2152 50,
1209 2072 1464 2163 complicium

184 2178 388 2248 sumundum
410 2178 609 2245 decreuerat.
629 2182 717 2245 Hane
739 2191 930 2246 structurum
945 2183 1002 2246 etsi
1021 2181 1174 2246 rariorem
1196 2201 1263 2246 csse
1279 2181 1464 2249 Dietschins

185 2288 273 2363 dicit,
298 2287 425 2354 Bremio
446 2287 632 2353 adversante
648 2287 702 2373 qui
729 2287 783 2369 (ad
805 2288 884 2372 Nep.
902 2289 994 2352 Eum.
1013 2288 1047 2365 8,
1070 2289 1102 2366 1,
1118 2287 1236 2353 steterit
1249 2285 1381 2374 aliquid
1398 2287 1466 2354 eidi

184 2393 315 2461 consilii
337 2393 417 2460 reooi
434 2415 499 2459 esse
528 2391 738 2482 cupiendam)
756 2394 852 2460 verba
876 2391 1079 2470 decernendi,
1103 2405 1161 2459 etc.
1179 2395 1381 2478 frequentius
1410 2394 1465 2461 ud·

182 2503 327 2588 junctum
347 2502 464 2568 habere
486 2501 698 2586 gerundivum
726 2521 796 2567 oum
812 2521 878 2566 esse
899 2503 1084 2587 copulatum
1107 2521 1164 2586 pro
1181 2500 1339 2567 infinitivo
1360 2522 1459 2586 prcus.

186 2611 278 2676 activi
294 2620 411 2689 monet,
427 2618 531 2674 tamen
548 2608 630 2674 inter
645 2619 826 2695 utramque,
840 2618 1052 2695 praeterquam
1066 2609 1151 2694 quod
1165 2608 1342 2694 gerundivo
1356 2609 1462 2694 magis

181 2716 339 2804 judicium
358 2716 437 2802 quid
460 2715 673 2781 necessarium
697 2716 737 2780 sit
760 2736 856 2801 quam
880 2716 1050 2782 consilium
1065 2715 1276 2800 significatur,
1295 2715 1375 2780 nihil
1395 2716 1463 2782 lere

185 2823 379 2890 discriminis
395 2823 544 2888 interesse
566 2824 615 2888 vel
633 2821 707 2888 inde
724 2833 820 2908 patet,
842 2823 925 2909 quod
943 2824 980 2889 de
1007 2823 1116 2889 eodem
1137 2843 1169 2889 re
1185 2823 1318 2908 legimus
1332 2825 1405 2908 Jug.
1427 2827 1460 2898 1,

187 2932 218 3008 3,
238 2930 319 3018 quia
333 2928 461 2996 decrevi
471 2927 594 3019 procul
611 2951 631 2994 c
651 2951 686 2994 re
705 2927 840 3018 publice
853 2941 983 2996 aetutem
997 2951 1106 3018 apere,
1129 2941 1160 2996 et
1176 2932 1244 2996 Cat.
1268 2933 1299 3010 l,
1324 2932 1356 3011 1,
1376 2929 1467 2996 milvi

186 3037 350 3124 reliquum
365 3047 496 3104 atatem
511 3058 532 3101 u
547 3058 582 3102 re
599 3035 740 3125 publicu
752 3036 877 3125 procul
886 3035 1072 3103 leuberedum
1088 3034 1226 3103 decrevi.

796 3294 847 3357 111.

746 3469 897 3541 Supinum.

228 3636 265 3701 Α.
288 3671 332 3683 -
351 3636 458 3700 Surum
478 3654 685 3699 locusmvvus.

230 3743 264 3806 l⁰
284 3742 389 3808 Verbo
410 3739 533 3805 diversa
558 3760 691 3806 numero
731 3742 794 3807 179
818 3741 946 3827 supino,
973 3742 1013 3806 57
1041 3752 1146 3807 autem
1175 3740 1333 3807 infinitivo
1360 3743 1465 3811 luturi

185 3848 301 3934 passivi
326 3857 480 3934 usurpata
500 3847 597 3914 luisse
616 3850 794 3933 Dvaegerus
814 3848 914 3927 docet,
940 3849 1023 3914 inter
1041 3869 1120 3934 quos
1136 3849 1202 3914 huc
1217 3849 1395 3934 praesertim
1409 3871 1466 3918 su-

184 3956 273 4042 pina,
288 3977 305 4020 a
318 3955 471 4023 Sallustio
483 3955 639 4036 adhibita,
653 3956 793 4021 notanda
805 3955 946 4039 judicavi
967 3979 974 4021 :

228 4063 399 4150 Apicatam
427 4083 570 4148 egressus
591 4062 675 4149 (lug.
707 4064 763 4141 93,
785 4065 822 4140 23
848 4063 887 4128 cl.
911 4063 978 4129 Liv.
1001 4063 1056 4141 31,
1088 4064 1218 4150 13,3);
1255 4101 1295 4111 —
1325 4075 1467 4132 auctam

159 4219 163 4226 ,
187 4169 281 4255 (Hist.
299 4192 348 4250 ιιι,
367 4170 421 4247 82,
442 4171 508 4254 16),
526 4171 623 4236 asolo
640 4170 717 4236 Sall.
736 4174 942 4257 usurpatum:
956 4206 999 4219 -
1020 4169 1186 4259 capnitum
1200 4170 1287 4236 misit
1300 4170 1385 4257 (lug.
1403 4172 1465 4253 93,

125 4326 127 4331 ,
185 4278 236 4360 7);
253 4274 456 4342 —deditum
468 4277 549 4362 (Jug.
568 4277 623 4354 28,
641 4279 691 4362 2);
707 4313 750 4328 -
765 4298 915 4342 evorsum
927 4277 1055 4363 proiecti
1072 4288 1146 4343 sunt
1163 4277 1255 4360 (Hist.
1275 4299 1297 4357 ι,
1310 4279 1365 4357 15,
1383 4279 1465 4364 23);

183 4383 426 4473 eeecubitetm
438 4386 562 4450 mittere
582 4387 665 4471 (lug.
690 4386 834 4472 100,1);
857 4383 1067 4474 euploretum
1084 4387 1167 4472 (lug.
1186 4387 1241 4465 51,
1257 4387 1292 4460 2;
1314 4386 1390 4463 105,
1413 4389 1463 4471 5),

183 4492 268 4579 quod
286 4491 371 4579 apud
395 4493 550 4559 Caesarem
564 4491 671 4558 deesse
699 4493 837 4571 videtur,
864 4493 918 4558 sed
944 4514 960 4557 a
979 4493 1096 4578 Nepote
1112 4504 1142 4559 et
1157 4493 1246 4560 Livio
1263 4494 1467 4579 frequentius

183 4610 374 4685 usurpatum
389 4609 436 4666 est
443 4624 451 4680 3
468 4637 509 4649 -
525 4597 687 4666 obsessam
703 4601 785 4687 (lug.
806 4600 881 4680 103,
904 4601 934 4685 1)
944 4623 952 4679 ;
969 4598 1320 4688 —postalutum(lug.
1337 4602 1394 4680 83,
1408 4603 1440 4689 l)
1454 4627 1463 4683 3

216 4790 237 4835 1.
256 4786 300 4835 stc
314 4785 368 4835 fere
385 4785 497 4835 Kritzius
512 4786 545 4835 ed
559 4787 618 4850 lug,
630 4789 670 4846 02,
686 4790 709 4846 8,
723 4786 790 4851 apud
804 4761 883 4850 quem¹
895 4786 970 4850 plura
984 4786 1052 4850 lege,
1068 4785 1090 4835 si
1106 4786 1180 4836 velis.
