3314 5526
739 412 935 470 -485-

188 574 342 628 reumata
361 574 485 641 emunt,
508 585 594 628 traua
609 562 760 645 diruunt,
777 562 846 629 alia
860 561 1037 651 aedificant,
1051 574 1217 650 postrema
1230 560 1382 627 amnibus
1397 584 1463 628 nta-

188 667 239 735 dis
249 671 427 758 pecatu'am
444 669 592 751 trahunt,
616 683 748 747 venant,
766 681 876 736 tamen
904 690 1035 734 summa
1060 665 1209 733 lubidine
1230 666 1363 734 divitias
1386 691 1463 734 suus

188 777 317 841 uincere
339 788 524 864 nequennt3
551 778 740 863 simpliciter
763 777 928 862 temporali
956 776 1199 861 significatione,
1225 776 1295 860 lug.
1322 776 1378 849 85,
1402 777 1461 853 44;

191 883 264 949 item
284 885 364 949 llist.
383 905 405 957 ι,
425 885 479 963 45,
496 886 529 962 5,
545 885 740 969 pvaecedcnte
758 885 1012 969 particulatam.

232 991 264 1055 Si
280 991 361 1056 actio
382 992 523 1056 relativa
543 992 778 1057 enunciationis
806 991 917 1076 incipit
937 1010 973 1054 ac
995 990 1100 1054 subite
1121 998 1266 1074 apparet,
1287 988 1362 1054 dum
1382 990 1463 1056 actio

189 1099 350 1182 primariae
367 1098 601 1163 enunciationis
616 1098 718 1162 adhuc
734 1081 960 1183 exstat‚'liujus
976 1097 1137 1162 enunciati
1155 1096 1285 1161 verbum
1302 1096 1367 1160 alia
1383 1106 1460 1161 tum·

188 1223 262 1288 pore
280 1223 315 1268 ac
338 1205 481 1288 praesenti
503 1205 573 1289 poni
596 1205 686 1279 solet,
704 1204 828 1268 relativi
849 1217 954 1268 itatem
979 1203 1139 1268 eviivneinti
1166 1203 1297 1268 veritum
1313 1203 1461 1288 piaesenti

190 1311 338 1375 historica
354 1324 411 1389 est,
432 1320 465 1375 ut
479 1311 494 1375 J
500 1332 550 1395 ug.
568 1310 625 1388 66,
647 1312 680 1386 6,
697 1311 813 1396 etjam
827 1308 923 1375 scalis
939 1308 1059 1397 epressi
1071 1306 1191 1373 milites
1204 1329 1315 1397 prope
1333 1331 1464 1375 summa

188 1429 351 1502 ceperunt,
368 1439 443 1483 cum
463 1414 626 1506 oppidani
646 1426 857 1496 conaitricem
878 1419 949 1500 lug.
970 1418 1045 1495 466,
1070 1417 1102 1488 5,
1126 1413 1222 1481 Sulla
1239 1419 1373 1504 pariter
1388 1437 1462 1481 euin

187 1534 262 1589 artu
277 1523 353 1589 salis
374 1536 482 1590 castra
502 1525 692 1593 iactabatur.
719 1545 794 1589 etim
813 1521 937 1610 equites
951 1521 1067 1589 Mauri
1087 1523 1255 1601 nvintiant3
1272 1524 1311 1588 cl.
1337 1524 1365 1587 l.
1387 1523 1462 1600 464,

187 1631 221 1706 8,
243 1650 279 1695 ac
304 1632 434 1696 lactasse
455 1632 534 1696 llist.
569 1651 609 1709 iv,
636 1634 690 1708 44,
712 1631 765 1696 ulti
799 1631 989 1715 primarium
1017 1630 1223 1694 enunciatum
1250 1628 1346 1695 deest.
1379 1631 1465 1695 Tunc

189 1758 260 1803 vcro
276 1738 391 1822 sapius
406 1758 481 1803 cum
500 1737 633 1803 interim
653 1737 825 1803 Sallustius
840 1737 980 1810 adiubet,
1003 1748 1036 1801 ut
1052 1737 1123 1821 lug.
1149 1737 1201 1813 44,
1217 1737 1254 1815 5;
1273 1737 1328 1815 49,
1346 1738 1378 1814 4,
1398 1737 1464 1822 qui·

189 1846 246 1921 ltus
263 1847 338 1910 locis
353 1858 421 1930 pest
438 1848 544 1930 plures
562 1846 726 1911 historicos
744 1845 918 1909 inlinitives
930 1844 1069 1929 positum
1083 1854 1149 1917 est;
1167 1855 1198 1907 at
1211 1844 1288 1908 llist.
1308 1865 1343 1919 ιι,
1357 1844 1412 1920 56,
1428 1845 1460 1923 7,

187 1949 384 2017 Macedonia
393 1951 497 2040 plena
519 1950 735 2031 hostiumst,
754 1972 812 2016 nea
826 1949 936 2015 minus
955 1949 1056 2015 ltalia
1077 1949 1260 2015 marituma
1280 1961 1310 2015 et
1327 1948 1462 2038 prouin-

188 2057 330 2136 ciarum,
347 2077 451 2144 puum
476 2057 607 2123 interim
630 2055 806 2144 aeetipalia
829 2078 938 2145 parua
960 2069 991 2122 et
1016 2055 1107 2121 bellis
1126 2056 1250 2121 incerta
1265 2055 1464 2144 alaparum

186 2175 381 2252 sumptuum
404 2166 574 2237 sustinent,
601 2165 675 2230 item
702 2165 780 2228 llist.
795 2185 818 2243 ι,
833 2165 888 2243 54,
908 2165 960 2241 47,
979 2173 1010 2228 ιι
1025 2184 1073 2241 ιιι,
1099 2163 1154 2240 84,
1171 2163 1203 2238 6,
1228 2183 1378 2250 praesens
1389 2184 1462 2250 pro·

180 2269 300 2358 priam
317 2272 347 2336 in
364 2272 518 2356 primaria
533 2283 563 2335 et
580 2272 756 2336 invulntiva
772 2271 1067 2345 enunciationem,
1089 2281 1118 2334 ct
1133 2270 1227 2335 verba
1244 2290 1319 2335 cum
1335 2268 1465 2334 interim

188 2378 297 2442 eodem
315 2378 378 2443 lere
395 2398 489 2443 sensu
506 2377 607 2463 posita
621 2386 694 2442 sunt
710 2388 804 2462 atque
819 2387 849 2441 et
857 2397 923 2465 per
941 2373 1028 2440 illud
1045 2387 1183 2463 tempus.
1201 2376 1249 2443 Cl.
1268 2376 1347 2440 Hist.
1367 2397 1412 2454 ιιι,
1431 2377 1462 2453 4,

188 2486 221 2559 4,
243 2485 296 2549 ubi
320 2486 492 2568 perlectam
510 2484 645 2569 perlecto
666 2483 845 2568 respondet,
861 2503 1034 2568 sensusque
1053 2483 1135 2547 idem
1150 2482 1353 2567 accipiendus
1366 2494 1423 2547 est.

234 2592 268 2655 4ο
291 2592 502 2656 Ιιιιιιιιιιιιιιιι
522 2604 552 2655 ιι
569 2591 599 2654 in
617 2590 748 2655 relativa
766 2589 844 2655 etin
865 2590 1019 2674 primario
1035 2588 1205 2655 enunciata
1221 2589 1316 2654 semel
1333 2589 1460 2672 legitur,

190 2699 269 2762 Hist.
287 2718 309 2771 ι,
329 2699 382 2775 54,
407 2698 440 2777 6,
467 2694 617 2783 equidem
632 2717 653 2760 a
664 2695 830 2785 principio
852 2717 928 2762 cum
950 2694 1126 2761 Etruriam
1145 2693 1335 2782 eartjurare,
1351 2731 1395 2745 -
1416 2695 1461 2759 vi-

190 2803 314 2882 debam,
336 2802 576 2869 maturandum
596 2803 747 2889 putabam
767 2813 799 2868 et
819 2801 933 2869 Catuli
951 2801 1178 2867 consiliarum
1197 2801 1319 2891 parteis
1335 2812 1464 2868 secatus

188 2932 279 2987 sum;
296 2930 369 2977 cum
376 2909 560 2999 plusquam
567 2910 750 2999 perfectam
769 2910 933 2995 primaria,
949 2911 1019 2994 lug.
1033 2910 1088 2988 54,
1109 2910 1148 2986 4;
1169 2909 1209 2974 ad
1228 2909 1463 2975 substantivum

189 3028 318 3106 tempus
334 3018 481 3094 velatum,
502 3019 572 3103 lug.
596 3017 651 3095 34,
667 3018 722 3095 46,
736 3015 801 3081 nisi
816 3015 906 3103 sarta
924 3052 968 3065 -
987 3027 1018 3081 et
1032 3013 1092 3081 illa
1107 3036 1210 3102 quam
1224 3013 1292 3082 drea
1313 3027 1464 3103 tempora

188 3123 448 3212 mapisplacenl,
465 3145 540 3189 eum
553 3143 668 3210 repna,
680 3122 872 3210 provinciae,
890 3120 986 3209 lepes,
997 3121 1095 3210 jura,
1104 3119 1249 3208 judicia,
1266 3119 1350 3186 bella
1365 3132 1464 3208 atque

186 3251 297 3319 paces,
311 3241 476 3320 postrema
493 3227 608 3295 diuina
622 3228 815 3295 etlutmana
829 3229 1048 3317 amniapenes
1058 3249 1188 3317 paucos
1205 3239 1316 3307 erant3
1338 3248 1394 3292 aas
1408 3249 1463 3293 uu·

189 3348 253 3402 tem
273 3375 314 3387 —
334 3337 411 3403 satis
429 3335 597 3402 labebaris
620 3335 769 3402 animam
791 3335 952 3416 retinere;
971 3336 1139 3411 incertum,
1161 3335 1325 3401 deliciante
1352 3335 1465 3420 prima·

190 3445 237 3510 vio
253 3445 434 3524 enunciare,
456 3445 536 3509 Hist.
562 3464 604 3522 ιι,
629 3444 684 3522 49,
701 3440 792 3508 dolia
811 3462 914 3529 quum
933 3441 992 3508 sud
1009 3440 1116 3508 trabes
1135 3439 1243 3507 locata
1263 3438 1383 3506 vitibus
1402 3452 1463 3506 aut

188 3550 291 3637 airpis
305 3548 501 3616 vinciebant.

234 3659 267 3724 3⁰
291 3660 471 3724 Psesscvuu
487 3657 518 3722 in
535 3657 682 3737 relativo,
703 3657 734 3721 in
753 3657 907 3741 primerio
924 3676 997 3722 vero
1010 3657 1180 3721 enunciata
1192 3655 1277 3720 varia
1294 3665 1458 3740 tempora:

189 3764 431 3852 imperfectum,
449 3765 519 3849 lug.
543 3765 596 3840 74,
616 3765 652 3842 4;
671 3774 702 3828 at
716 3764 784 3829 Cat.
805 3764 860 3842 64,
879 3764 910 3840 3,
929 3765 960 3839 4,
978 3761 1073 3828 Sulla
1085 3783 1160 3827 sitm
1174 3760 1418 3849 Damasippum
1433 3772 1464 3825 et

189 3869 273 3937 alios
284 3868 450 3958 ejusmodi
459 3906 502 3920 -
509 3868 669 3958 jupulari
679 3869 791 3957 jussit,
808 3869 882 3957 puis
897 3891 962 3935 nan
975 3869 1105 3956 [aetram
1116 3867 1188 3956 ejus
1202 3866 1388 3933 laudabat?
1404 3868 1464 3931 im-

191 3980 362 4063 perfectum
391 3997 457 4043 vem
472 3978 628 4062 designat,
650 3997 722 4062 quia
742 3987 811 4062 post
827 3978 980 4042 actionem
997 3975 1123 4042 relativi
1138 3975 1300 4040 enunciati
1319 3984 1373 4039 aut
1392 3993 1463 4039 cum

189 4105 226 4150 ea
248 4086 313 4150 lieri
331 4068 550 4171 cespitantes
579 4103 653 4149 vero
673 4104 736 4150 non
753 4085 912 4159 exstabat;
933 4102 1143 4170 —praesens,
1162 4080 1202 4146 ad
1228 4100 1395 4166 prissanum
1416 4082 1464 4146 Ιο-

189 4193 315 4277 quentis
342 4192 514 4277 pertinens,
533 4191 669 4257 occurrit
687 4193 758 4276 lug.
780 4192 855 4267 464,
873 4191 906 4268 5,
923 4210 1047 4276 mapna
1067 4186 1287 4255 lutitianobis
1307 4199 1366 4267 est,
1388 4207 1463 4252 cum

189 4310 219 4364 te
232 4297 330 4363 talem
345 4298 454 4364 airum
468 4296 503 4363 di
515 4318 684 4377 manicare,
708 4298 760 4364 ulti
781 4299 845 4362 vim
866 4297 1089 4382 explicativam
1105 4315 1140 4361 ac
1156 4297 1221 4361 leve
1234 4296 1395 4361 causalem
1412 4295 1463 4359 lta·

191 4406 240 4471 liet
255 4407 448 4492 conjunctio.
471 4403 688 4471 Conlecendus
703 4404 828 4471 videtur
845 4406 931 4470 lacus
948 4403 1032 4489 apud
1048 4403 1245 4482 Ciceronem,
1268 4402 1306 4467 ad
1324 4402 1398 4467 lam.
1417 4421 1460 4476 ιι,

190 4513 243 4601 44,
260 4510 412 4599 pratular
432 4510 503 4591 tibi,
519 4533 594 4577 eum
610 4521 740 4576 tutatum
760 4509 848 4576 vales
872 4507 965 4597 apud
980 4507 1199 4590 Dolabellam,
1216 4527 1309 4594 quem
1329 4507 1464 4573 laudans

189 4619 366 4705 Madvigius
383 4620 450 4705 (Gr.
475 4621 529 4684 lat.
552 4618 659 4704 3358.
678 4618 761 4684 Ann.
785 4620 818 4704 4)
842 4617 932 4684 docet
951 4627 1020 4702 post
1042 4616 1137 4682 verba
1161 4613 1275 4694 lauda,
1297 4611 1462 4702 pustulae,

187 4725 316 4810 pretias
342 4747 418 4812 apo,
443 4724 554 4812 pratia
577 4737 624 4791 est
648 4724 855 4791 indicativum
883 4743 955 4790 cam
974 4722 1197 4808 conjunctione
1223 4742 1299 4786 cum
1327 4720 1462 4787 inveniri
