3314 5526
687 395 865 453 ...75-

142 533 218 614 111,
235 534 267 613 1,
285 530 481 612 amicitiam,
492 529 796 621 foedus,Numidia
808 545 952 622 partem,
970 556 1071 622 picam
1085 556 1172 607 uuna
1184 548 1323 625 peteret,
1335 549 1412 605 tum

138 638 226 706 ultro
242 636 471 705 adventuram.
490 639 529 706 At
543 639 575 704 in
591 639 648 706 hoc
660 641 759 705 altero
774 642 918 727 exemplo
934 641 997 708 duo
1009 642 1114 728 reipsa
1128 643 1295 710 enuntiata
1309 644 1411 713 inesse

139 767 231 814 nemo
245 758 292 813 est
306 746 384 833 quin
401 746 526 815 videat:
547 747 698 832 primum,
714 748 805 835 cujus
821 747 1004 814 amicitiam
1019 758 1051 814 et
1061 751 1172 837 taediis
1186 750 1327 836 subjecta
1348 753 1413 819 sint
1467 765 1475 781 ·

138 855 292 941 cujusque
312 854 442 920 verbum
467 852 560 933 desit,
581 854 718 919 alterum
745 873 819 920 vero
843 874 881 920 ex
899 855 1024 921 usitatis
1046 856 1168 941 legibus
1181 869 1408 925 constructum.

139 960 207 1028 Dici
237 972 342 1027 tamen
364 969 465 1047 potest
489 959 574 1046 apud
597 961 747 1027 Nostrum
771 980 896 1047 semper
917 962 1124 1048 praedicatum
1147 973 1260 1031 neutro
1290 965 1410 1050 plurali

140 1067 304 1154 usurpari,
321 1067 457 1153 exceptis
475 1067 513 1133 iis
529 1066 605 1133 locis
629 1067 747 1154 quibus
771 1087 872 1135 unum
896 1089 934 1134 ex
959 1068 1142 1136 nominibus
1158 1070 1298 1137 eminere
1317 1091 1411 1139 sensu

141 1174 278 1260 scriptor
303 1174 460 1254 voluerit3
474 1174 560 1261 quod
580 1194 652 1241 cum
676 1173 801 1255 incidit,
816 1175 1023 1241 novissimum
1040 1176 1169 1261 ponitur
1185 1177 1267 1243 illud
1281 1198 1409 1257 nomen,

140 1291 411 1377 praedicatumque
425 1310 497 1357 cum
511 1310 547 1357 eo
562 1291 720 1376 congruit.

182 1399 222 1466 lt
238 1397 323 1484 apud
335 1398 415 1464 alios
426 1397 608 1483 scriptores,
622 1407 738 1484 praeter
757 1398 924 1478 Caesarem,
941 1399 1057 1486 saepius
1071 1398 1276 1484 predicatum
1293 1400 1333 1466 ad
1353 1422 1411 1469 no-

136 1524 208 1572 mon
232 1504 317 1592 quod
334 1524 427 1571 sensu
446 1506 597 1590 praeralet
617 1504 885 1584 accommodatur,
908 1524 1140 1592 quemcumque
1162 1505 1193 1572 id
1224 1507 1326 1574 locum
1357 1528 1410 1573 oc-

137 1622 233 1698 cupat
251 1635 258 1676 :
276 1613 356 1689 Cic,
374 1613 481 1677 Lucus
494 1609 549 1678 illa
564 1623 596 1676 et
609 1610 677 1677 trac
688 1610 903 1700 Arpinatium
918 1631 1052 1699 quercus
1068 1613 1269 1700 apuascitur,
1285 1635 1373 1703 sape
1389 1638 1410 1680 a

138 1739 190 1784 mc
203 1717 320 1796 lectum
338 1739 409 1804 quae
423 1718 615 1785 constructio
635 1739 717 1804 saepe
733 1738 771 1784 ex
786 1719 979 1805 negligentia
999 1729 1068 1785 orta
1082 1720 1219 1786 videtur.

182 1826 217 1893 C.
238 1827 354 1892 -Ubi
368 1846 442 1893 vero
456 1826 648 1910 copulantur
664 1827 758 1912 plura
772 1825 983 1906 substantiva,
1000 1846 1136 1913 quorum
1152 1846 1253 1893 unum
1269 1847 1410 1914 persona

137 1933 315 2000 masculino
329 1952 444 2018 genere
459 1932 620 2000 notionem
637 1933 740 2013 allert,
755 1942 819 1999 tres
832 1933 1081 1999 constructiones
1100 1935 1307 2020 reperiuntur
1323 1956 1330 2000 :

182 2042 216 2106 1ο
235 2040 268 2106 Si
289 2040 376 2107 notio
392 2059 499 2106 rerum
519 2039 553 2105 in
573 2059 783 2126 personarum
796 2040 923 2106 notione
938 2040 1092 2127 implicita
1107 2050 1154 2106 est
1167 2051 1197 2106 et
1208 2042 1407 2122 obscuratur,

136 2147 349 2214 masculinum
358 2167 456 2232 genus
468 2147 638 2215 adhibetur
651 2169 658 2212 :
673 2148 744 2231 lug.
757 2147 812 2227 19,
824 2147 858 2227 5,
869 2168 949 2213 uam
962 2145 1047 2213 iuter
1056 2145 1201 2235 uirpulta
1212 2149 1286 2233 equi
1301 2150 1327 2214 N
1331 2149 1408 2216 umi-
1512 2202 1515 2207 .

135 2254 247 2340 deeque
261 2251 484 2332 consederant,
501 2273 606 2342 aeque
623 2251 725 2342 plane
743 2254 889 2320 occultati
906 2252 1096 2320 humilitate
1110 2250 1282 2336 arborum,
1299 2265 1331 2321 ct
1357 2269 1409 2320 ta-

137 2383 213 2426 meu
242 2362 367 2441 incerti,
391 2358 552 2448 quidnam
572 2372 663 2443 essct,
679 2381 755 2427 cum
768 2371 892 2426 natura
914 2358 978 2427 loci
991 2371 1061 2426 tum
1077 2359 1151 2426 dolo
1168 2362 1228 2447 ipsi
1252 2373 1351 2449 atque
1367 2362 1407 2428 si-

139 2489 201 2555 gna
220 2467 376 2534 militaria
390 2468 563 2535 obscurati.

178 2577 212 2642 2⁰
233 2576 288 2641 Sin
303 2576 492 2662 cogitatione
513 2587 613 2642 totum
628 2587 663 2642 ut
682 2595 789 2642 rerum
808 2575 1025 2661 collectionem
1043 2575 1178 2663 scriptor
1192 2576 1409 2662 amplectitur,

133 2693 283 2749 neutrum
298 2695 474 2770 usurpatur
493 2683 578 2769 apud
594 2684 762 2769 plerosque
774 2682 955 2768 scriptores,
968 2692 1004 2748 ut
1029 2683 1112 2762 biv„
1130 2682 1184 2762 10,
1199 2683 1252 2760 lo,
1269 2683 1414 2749 Itomaui

132 2811 242 2877 repam
258 2810 464 2877 capuamque
477 2788 679 2857 Macedonia
693 2809 755 2856 sua
766 2788 888 2877 [utura
907 2787 1016 2855 sciunt
1035 2789 1057 2854 ¹.
1083 2789 1123 2856 lt
1147 2790 1179 2854 in
1199 2801 1307 2856 nostro
1334 2791 1410 2856 nul·

135 2897 202 2962 lum
218 2897 313 2982 hujus
332 2895 576 2962 constructionis
592 2899 774 2983 exemplum
792 2897 942 2964 occurrit.

178 3003 211 3068 3⁰
229 3003 284 3068 Sin
300 3022 375 3068 vero
392 3002 600 3088 praedicatum
626 3003 719 3069 initio
736 3001 858 3089 periodi
878 3003 1065 3082 collocatur,
1086 3011 1117 3067 et
1136 3002 1316 3087 proximum
1332 3002 1410 3068 sub-

129 3110 248 3199 jectum
271 3109 390 3195 plurali
406 3129 538 3176 numero
562 3111 704 3196 ponitur,
722 3122 798 3177 tunc
812 3110 1020 3196 praedicatum
1042 3110 1157 3195 plurali
1176 3130 1308 3176 numero
1325 3110 1411 3196 prosi-

133 3226 308 3302 tumgenus
322 3216 453 3302 subjecti
472 3216 560 3282 illius
572 3226 725 3302 sequatur
740 3236 866 3283 necesse
886 3226 954 3283 est:
972 3217 1052 3283 Sall.
1069 3217 1141 3303 lug.
1160 3217 1214 3296 77,
1229 3216 1261 3296 3,
1285 3216 1409 3282 emissa

134 3345 170 3389 eo
185 3322 329 3389 cobortes
343 3322 503 3411 Liparum
519 3333 677 3411 quattuor
690 3334 723 3390 ct
735 3324 773 3391 C.
791 3322 1116 3412 Auriuspralectus.
1135 3325 1237 3404 Quam
1249 3334 1411 3390 construc-

132 3431 252 3497 tionem
274 3440 329 3497 aut
344 3430 494 3497 adbibere
520 3441 652 3498 autnon
670 3431 821 3497 adbibere
840 3431 925 3509 licet,
952 3431 977 3497 si
999 3429 1207 3517 praedicatum
1232 3450 1296 3496 non
1315 3429 1409 3496 initio

135 3537 256 3623 periodi
274 3539 460 3604 collocatur.

175 3648 214 3713 D.
236 3681 281 3695 -
299 3648 345 3713 Da
358 3667 541 3713 raosounus
560 3666 806 3712 onnonsraurrvr
824 3666 862 3712 nr
877 3666 1059 3713 raonoururs
1079 3667 1217 3712 saturavi
1232 3666 1351 3712 orbana
1375 3667 1411 3710 nr

131 3773 265 3820 uununo.
287 3788 331 3803 -
345 3754 379 3819 ln
391 3753 448 3819 bac
463 3753 639 3840 quaestione
657 3752 820 3819 tractanda
840 3772 989 3838 magnam
1003 3753 1235 3832 confusionem,
1267 3762 1302 3818 ut
1328 3751 1408 3816 mibi

131 3859 269 3940 videtur,
288 3861 464 3925 attulerunt
480 3859 539 3925 viri
562 3859 645 3926 docti
661 3860 729 3948 qni,
746 3860 813 3926 sire
827 3859 859 3925 in
874 3858 1081 3939 editionibus,
1103 3859 1169 3926 sire
1186 3859 1217 3924 in
1238 3857 1409 3944 peculiari·

131 3968 190 4033 bus
204 3966 400 4040 desermone
418 3967 607 4034 sallustiano
628 3966 759 4046 libellis,
774 3986 843 4033 eam
865 3965 1086 4052 explicandam
1100 3976 1320 4051 susceperunt.
1339 3966 1406 4031 lmo

130 4093 280 4140 censuere
301 4074 445 4140 nonnulli
468 4093 531 4139 non
555 4074 678 4160 legibus
702 4072 796 4141 certis
819 4074 957 4140 obnoxia
981 4093 1047 4139 esse
1070 4073 1128 4138 illa
1155 4071 1344 4158 pronomina
1375 4071 1408 4136 iu

131 4201 244 4268 genere
264 4189 294 4246 et
309 4201 441 4248 numero
463 4180 656 4261 adhibendo,
682 4201 754 4248 cum
778 4200 863 4249 nunc
886 4179 925 4247 ad
945 4179 1121 4266 subjectum
1139 4199 1224 4246 nunc
1239 4179 1279 4246 ad
1295 4178 1409 4265 praedi·

130 4299 235 4354 catum
261 4288 593 4367 nomeurelerretur,
619 4288 673 4373 (cl.
704 4287 848 4356 Guardia
876 4297 907 4353 et
933 4285 1139 4372 Wierzeyski,
1172 4288 1313 4354 Gramm.
1346 4287 1404 4352 lat.

131 4396 233 4475 Paris,
253 4395 351 4475 1876,
376 4416 407 4481 ρ.
424 4395 513 4479 391).
538 4395 624 4461 Inter
642 4415 695 4462 ecs
714 4395 768 4481 qui
786 4393 1037 4482 unumquodque
1052 4394 1231 4478 exemplum
1250 4392 1343 4459 certis
1363 4395 1408 4459 lc·

130 4503 223 4588 gibus
251 4502 411 4588 explicare
434 4502 540 4568 conati
565 4511 640 4569 sunt
663 4502 804 4569 eminent
835 4501 1094 4569 Badstuebnerus
1127 4509 1158 4567 et
1183 4499 1404 4579 buschiitrius,

130 4629 268 4697 quorum
282 4610 371 4696 prior
389 4608 581 4690 attractioni,
601 4609 757 4697 posterior
777 4629 849 4676 vero
872 4608 1097 4675 constructioni
1116 4607 1164 4674 illi
1189 4627 1260 4693 quae
1280 4603 1328 4673 ad
1339 4627 1405 4672 seu-

162 4754 184 4801 l.
202 4751 234 4803 V.
248 4750 365 4814 Madvig,
376 4750 420 4802 Gr.
432 4751 477 4800 lat.
492 4750 573 4814 3214,
583 4750 619 4810 b.,
633 4759 686 4802 not.
700 4749 800 4815 Reisig,
814 4748 943 4813 Vorlcs.§
959 4751 1012 4801 187.
