3314 5526
740 393 937 450 -474-

236 539 270 603 2⁰
297 535 485 624 lufiriitious
501 535 647 624 perfecti
660 535 787 624 passivi
802 548 879 624 post
898 535 998 603 uerba
1014 536 1207 619 voluntatis,
1226 544 1280 626 qui
1312 543 1405 627 apud
1421 544 1474 609 Ci-

194 664 339 711 seronem
356 644 504 729 frequens
515 654 574 721 est,
591 643 676 728 apud
692 644 859 721 Caesarem,
874 645 1044 730 Virgilium
1056 648 1292 733 nonnullosque
1309 650 1394 716 alios
1410 670 1474 716 non

193 763 315 818 exstare
331 750 468 815 videtur.
486 750 579 835 Apud
596 742 785 816 Sallustium
807 771 881 816 vero
905 752 983 818 lalso
1009 752 1146 818 affirmat
1168 755 1349 839 Dcaegerus
1374 757 1471 840 (Hist.

194 859 282 945 Synt.
301 879 335 937 n,
354 879 384 944 p.
403 857 480 943 384)
501 877 571 922 eam
586 857 852 924 constructionem
872 860 995 936 deesse;
1018 860 1182 926 invenitur
1199 863 1284 927 enirn
1300 863 1374 948 lug.
1394 865 1472 943 440,

192 967 225 1046 6,
243 964 364 1031 bellum
384 985 443 1052 epo
451 962 581 1052 poprclo
601 965 750 1030 Romana
769 984 874 1051 neqtre
883 965 952 1053 feci
968 987 1073 1054 neque
1090 968 1210 1033 factum
1229 989 1394 1056 amquam
1413 992 1473 1036 aa·

192 1072 243 1139 lui
248 1097 256 1153 3
273 1075 343 1158 lug.
365 1074 440 1145 442,
455 1074 488 1143 3,
506 1082 649 1136 ceterum
665 1070 820 1151 Bocchus,
837 1071 868 1137 si
880 1070 1040 1138 ambobus
1052 1075 1231 1140 consultam
1246 1087 1277 1141 et
1289 1086 1395 1143 ratam
1407 1098 1471 1165 pa-

191 1201 260 1246 cem
280 1177 386 1258 vellet,
409 1175 504 1243 claret
522 1199 670 1266 operam,
691 1188 770 1256 etc.;
792 1179 871 1244 Hist.
891 1201 914 1257 1,
936 1181 990 1258 45,
1012 1181 1067 1258 tt,
1084 1202 1164 1246 uam
1174 1192 1297 1269 praeter
1309 1181 1472 1249 satellites

192 1282 437 1352 conmaculatos
456 1283 529 1370 quis
553 1282 667 1350 eadem
691 1282 781 1351 volt?
798 1297 859 1350 aut
881 1285 955 1372 quis
975 1307 1041 1352 uon
1061 1285 1173 1353 omnia
1196 1298 1320 1354 mutata
1340 1301 1473 1379 praeter

192 1393 371 1460 victorem?
1438 1449 1442 1459 .

235 1501 269 1566 3ο
285 1497 502 1565 Accusatious
517 1519 593 1563 cum
612 1496 774 1586 infinitivo
785 1508 861 1587 post
874 1497 973 1565 verda
988 1498 1236 1588 impersonalia.
1259 1538 1301 1550 -
1320 1500 1467 1569 Scilicet.

190 1644 235 1658 -
253 1607 409 1692 Pleraque
425 1604 653 1690 impersonalia
672 1614 782 1670 notum
800 1616 846 1672 est
860 1626 932 1671 cum
952 1606 1130 1675 accusativo
1147 1607 1237 1693 jungi
1256 1608 1342 1694 4444
1357 1629 1471 1676 omues

153 1720 157 1729 '
190 1714 376 1799 scriptorem
397 1711 543 1797 idemque
561 1711 597 1776 fit
617 1711 702 1798 apud
719 1712 918 1778 Sallustium.
937 1712 1059 1792 Quibus
1078 1714 1181 1809 verbis
1202 1715 1405 1801 adjungenda
1421 1728 1470 1782 est

191 1820 309 1887 locutio
329 1817 462 1897 scilicet,
484 1839 555 1905 quae
575 1838 647 1884 cum
666 1830 802 1885 accusat.
828 1831 859 1884 44
879 1819 996 1885 444444.
1014 1820 1153 1886 occurrit
1169 1847 1176 1886 :
1193 1822 1264 1907 lug.
1284 1823 1315 1897 4,
1340 1822 1360 1887 5
1381 1831 1415 1888 44
1429 1810 1468 1899 Ι6,

189 1948 268 1993 nam
283 1947 369 2015 saepe
384 1923 500 1990 audiui
516 1925 554 2005 O.
572 1923 774 2004 Maximam,
791 1927 830 1990 P.
846 1923 1046 2015 Scipionem,
1057 1937 1223 2015 praeterea
1238 1926 1382 1993 ciuitatis
1396 1949 1468 1995 nos·

191 2044 249 2101 trae
262 2031 446 2122 praeclaros
464 2030 551 2096 uiros
568 2028 679 2096 solitos
696 2031 742 2096 ita
762 2030 881 2110 dicere,
897 2053 972 2097 cum
990 2031 1161 2121 majarum
1180 2032 1343 2120 imapiucs
1355 2032 1468 2100 intue-

189 2151 315 2218 rentur,
330 2136 610 2205 vehementissime
622 2136 687 2203 sibi
699 2137 849 2204 animum
865 2136 911 2203 arl
923 2139 1078 2204 airttttem
1093 2138 1237 2206 accendi.
1257 2141 1385 2206 Scilicet
1399 2163 1467 2209 nau

189 2268 299 2312 ceram
313 2244 407 2311 illam
427 2265 531 2332 neque
541 2244 690 2333 liparam
706 2256 835 2311 tantam
849 2245 916 2310 aim
938 2243 972 2310 in
995 2266 1062 2311 sese
1082 2244 1219 2327 habere,
1233 2244 1292 2314 secl
1303 2248 1470 2313 memoria

189 2374 301 2419 rerum
313 2364 479 2441 pactarum
493 2373 566 2418 cam
578 2350 757 2440 flammam
771 2351 909 2440 apropiis
918 2351 998 2417 airis
1010 2352 1044 2417 iu
1050 2367 1183 2441 pectore
1194 2374 1348 2434 crescere,
1360 2375 1470 2442 neque

127 2486 135 2505 ·
183 2459 281 2548 prius
292 2457 414 2540 sedari,
431 2480 532 2548 quam
549 2458 652 2525 vimus
667 2480 779 2524 eorum
794 2459 925 2547 samam
941 2469 1040 2545 atque
1058 2457 1200 2546 pluriam
1221 2457 1465 2547 adaequaverit,

189 2567 242 2633 ubi
263 2567 403 2634 Kritzius
419 2566 459 2632 44
476 2565 696 2631 antecedentia
712 2566 808 2631 verba
826 2564 938 2630 solitos
957 2562 1282 2637 elicerereferendum
1308 2569 1470 2633 accusati-

188 2693 262 2740 vum
277 2694 349 2739 oum
369 2672 528 2738 infinitivo
549 2672 628 2736 44144
643 2671 806 2737 contendit
821 2671 849 2748 ’ς
869 2674 939 2756 lug.
964 2672 1040 2751 443,
1057 2674 1089 2751 3,
1110 2692 1184 2758 qua
1202 2671 1326 2738 scilicet
1338 2683 1470 2739 tacente

188 2779 258 2867 ipso
273 2778 401 2845 occulta
411 2776 556 2866 pectoris
573 2777 766 2866 patefecisse
772 2797 786 2860 ;
805 2777 886 2843 Hist.
905 2799 927 2853 1,
949 2779 1004 2857 54,
1021 2780 1054 2857 5,
1076 2789 1112 2843 at
1124 2776 1247 2844 scilicet
1264 2799 1329 2858 eas,
1348 2778 1410 2865 qui
1423 2777 1472 2845 ad

182 2896 387 2972 postremum
399 2903 501 2972 usque
513 2881 789 2972 lepatos,pacem,
802 2882 1011 2949 concordiam
1023 2897 1053 2949 et
1063 2883 1133 2949 alia
1144 2881 1341 2972 hujusmodi
1351 2881 1469 2951 cleare-

185 3003 315 3070 vercmt,
327 2990 474 3079 qratiam
485 2988 528 3055 ab
538 3010 575 3055 eo
582 2989 762 3079 peperisse.
776 2990 896 3074 Atlug.
912 2991 987 3069 402,
1000 2992 1032 3069 9,
1050 2988 1288 3079 (sedquoniam
1299 2990 1467 3058 lcttmatca·

186 3120 261 3164 rum
276 3119 387 3164 rerum
404 3099 553 3163 Fortuna
559 3095 723 3186 pleraque
737 3097 832 3186 repit,
847 3097 903 3163 cui
910 3096 1033 3163 scilicet
1037 3096 1169 3185 placuit
1183 3109 1213 3163 te
1223 3108 1255 3162 et
1268 3095 1335 3163 aim
1348 3108 1381 3162 et
1389 3118 1469 3184 qra-

186 3204 269 3271 tiam
287 3217 435 3271 uostram
455 3203 610 3293 cooperiri,
627 3224 716 3270 nunc
729 3202 936 3293 quandoper
950 3203 1044 3271 illam
1063 3203 1149 3285 licet,
1163 3203 1289 3293 festina
1309 3215 1412 3291 atque
1432 3217 1471 3271 ut

185 3311 314 3402 accpisti
321 3316 450 3400 perpe),
464 3313 517 3377 uhi
530 3312 683 3390 Kritzius,
695 3314 746 3377 cui
761 3313 880 3378 assensi
892 3321 1083 3397 suntpostea
1094 3312 1253 3396 OEstling,
1266 3311 1466 3387 Schultzius,

184 3421 376 3496 Braennert,
390 3418 459 3496 alii,
469 3417 635 3506 placuisse
650 3419 852 3485 scribendum
862 3440 900 3484 ex
910 3419 1104 3485 deteriorum
1115 3418 1259 3484 codicum
1275 3418 1470 3485 auctoritato

184 3525 320 3604 censuit,
334 3522 465 3614 placuit
483 3545 555 3590 cum
571 3524 709 3591 Jordano
724 3545 851 3591 servare
867 3527 982 3591 melius
1001 3525 1139 3602 videtur,
1162 3544 1234 3590 cum
1253 3543 1291 3590 ex
1312 3533 1375 3590 tolo
1395 3544 1469 3592 sen·

185 3634 355 3699 tentiarum
372 3652 454 3697 nexu
470 3642 626 3717 appareat
640 3631 736 3698 verba
750 3631 806 3698 cui
818 3629 996 3699 scilicet-
1010 3631 1157 3720 eaperiri
1172 3642 1323 3717 tanquam
1338 3650 1396 3716 per
1412 3653 1469 3718 pa·

216 3812 238 3858 4.
254 3807 346 3857 Causae
361 3822 425 3870 quas
445 3807 520 3856 affert
535 3807 573 3856 444
588 3806 632 3856 4444
645 3807 737 3856 444444
752 3808 784 3857 ad
800 3807 961 3872 propositum
975 3807 1196 3872 comprobandum
1213 3807 1254 3855 hae
1272 3806 1324 3855 sero
1340 3812 1400 3854 suut
1416 3821 1423 3855 τ
1442 3807 1467 3856 si

183 3879 241 3931 haec
256 3878 384 3930 sententia
396 3878 516 3928 Sallustii
531 3885 600 3927 esset
614 3886 642 3927 ut
654 3893 670 3927 a
682 3894 743 3928 4444
755 3880 856 3930 scillcet
872 3885 987 3928 4444444.
1003 3894 1061 3928 cum
1075 3878 1199 3927 infinitivo
1210 3879 1342 3942 penderet,
1355 3877 1468 3940 asynde·

183 3960 226 4000 ton
243 3951 340 4000 instare
356 3950 486 4013 ineptum3
504 3949 597 3998 deindo
611 3963 665 4000 4444
677 3949 820 4014 pleniorem
834 3950 906 3999 illam
921 3950 1033 3998 sormam
1047 3964 1178 4013 uunquam
1194 3949 1225 3998 de
1238 3950 1315 3998 rebus
1330 3949 1465 4011 usurpari,

182 4037 265 4086 neque
279 4021 357 4070 latine
375 4021 426 4070 dici
441 4019 495 4072 444
509 4034 550 4072 res
564 4022 619 4071 uina
634 4036 660 4070 tn
678 4036 707 4069 stc
723 4021 811 4081 44444,
827 4021 871 4069 444
887 4020 1040 4085 simpliciter
1056 4019 1143 4072 44444.
1159 4030 1189 4056 -·
1203 4019 1254 4069 Sed
1276 4019 1350 4068 nobis
1370 4029 1468 4070 contra

182 4093 298 4153 videtum
312 4108 381 4152 nam,
395 4093 463 4156 quod
478 4091 510 4141 ad
526 4092 667 4154 asyndeton
681 4091 742 4140 illud
756 4093 856 4149 attinet,
873 4092 907 4142 cs.
923 4094 977 4141 Cat.
992 4095 1030 4154 46,
1046 4096 1073 4152 3;
1089 4091 1182 4141 444444
1195 4104 1252 4142 4444
1266 4089 1298 4139 44
1308 4090 1385 4139 rebus
1396 4088 1467 4140 dioi-

183 4169 224 4211 tur
236 4164 290 4212 Cat.
307 4165 330 4222 2,
350 4166 373 4217 3.
391 4164 547 4227 aquatilius
563 4167 646 4226 atque
661 4166 829 4214 constantius
843 4176 898 4213 sese
912 4175 955 4214 res
970 4162 1093 4213 humana
1107 4163 1246 4223 nocerent,
1262 4166 1288 4210 et
1300 4161 1360 4225 lug.
1376 4163 1415 4223 tt,
1432 4165 1465 4223 7;

182 4233 215 4282 44.
234 4232 287 4282 Cio.
304 4248 351 4296 pro
368 4233 436 4283 Mur.
454 4238 476 4292 4,
493 4236 515 4290 4,
530 4236 551 4282 st
565 4234 616 4285 illa
632 4233 757 4284 solemnis
772 4237 941 4285 comitiorum
955 4239 1074 4295 precatio
1089 4237 1194 4284 tantam
1209 4233 1240 4282 iu
1254 4245 1281 4282 se
1298 4229 1377 4282 44444
1392 4233 1465 4292 44,·

181 4303 213 4352 44
228 4304 271 4351 dn.
293 4307 315 4359 4,
329 4307 368 4362 24,
384 4301 427 4361 58;
443 4303 474 4351 44
488 4304 588 4354 Senect.
604 4306 641 4363 24,
656 4307 699 4363 48;
716 4304 742 4353 44
757 4304 831 4355 Verr.
855 4309 876 4361 l,
893 4307 917 4364 9,
933 4305 971 4354 26.
989 4304 1121 4353 Praeterea
1137 4303 1159 4352 si
1175 4302 1313 4352 statuimus
1330 4315 1393 4350 4444
1408 4303 1464 4353 444·

182 4376 240 4424 ttcet
254 4375 332 4424 44444
345 4374 482 4438 sequentia
496 4375 562 4438 regi,
576 4390 731 4438 sensumque
746 4389 804 4425 esse
819 4395 832 4421 o
843 4376 929 4427 elucet
942 4375 980 4424 444
996 4376 1061 4426 mitit
1072 4376 1247 4440 perspicuum
1259 4377 1300 4424 est
1310 4385 1361 4422 noa
1370 4384 1465 4423 ceram

180 4445 270 4503 illam,
283 4451 332 4495 eto.
344 4462 368 4504 a,
384 4446 508 4495 vocabula
522 4446 634 4509 cereolis
650 4447 717 4498 uiris
729 4445 795 4495 nihil
809 4445 905 4494 habent
917 4446 1078 4502 offensionis,
1094 4459 1175 4508 neque
1188 4459 1253 4508 opus
1264 4452 1303 4493 est
1314 4443 1346 4491 ad
1358 4457 1390 4492 44
1400 4457 1466 4492 444-

181 4516 272 4580 sugere
285 4516 376 4580 quibus
387 4515 499 4565 Kritzius
511 4516 597 4566 locum
608 4516 730 4580 expedire
739 4521 847 4567 conatus
860 4525 908 4567 est.
923 4516 990 4566 Dicit
1002 4517 1070 4566 enim
1084 4515 1237 4566 Sallustium
1254 4514 1280 4562 in
1295 4513 1464 4565 adversativa

181 4586 283 4650 periodi
297 4596 370 4650 parte
385 4587 422 4636 444
436 4588 469 4636 44
483 4587 602 4637 instituta
616 4587 732 4636 oratione
747 4586 892 4648 deflexisse,
908 4593 944 4646 44,
956 4603 1035 4652 quum
1045 4587 1131 4651 primo
1141 4602 1171 4636 ex
1180 4584 1285 4634 Maximi
1295 4590 1321 4633 44
1331 4583 1463 4649 Scipionis

129 4656 132 4661 '
182 4671 268 4709 mente
287 4659 405 4719 dixisset,
427 4658 453 4708 in
473 4659 626 4708 sententiam
647 4659 795 4724 generalem
812 4659 946 4721 transiret,
966 4659 1077 4723 ideoque
1095 4674 1143 4724 pro
1162 4659 1211 4710 sill
1225 4664 1333 4721 poneret
1348 4658 1464 4721 cartulis

182 4733 259 4780 virts.
