3314 5526
721 433 919 493 -149-

83 651 87 659 ,
183 577 221 656 6;
242 576 312 659 lug.
330 574 384 651 91,
402 576 438 655 9;
456 574 511 648 97,
538 575 575 655 9;
596 576 651 653 65,
672 577 721 659 9).
743 576 820 642 14004
841 577 871 640 40
887 575 1028 642 relativis
1048 576 1238 653 enuncians,
1257 585 1292 643 ut
1307 575 1381 647 Cat.
1401 576 1460 647 39.

184 685 216 764 1,
233 694 406 771 optumum
418 682 513 770 sactu
528 679 660 748 eredens
679 683 858 748 accercitum
873 703 1007 769 oreqere,
1030 703 1069 747 ac
1079 680 1287 775 0040000004Ι
1309 681 1464 770 40040440οι

182 788 400 856 scriberentur
413 785 519 853 4044440
534 799 745 876 antecapere,
763 809 836 875 quae
852 787 934 853 belle
949 787 1026 853 0004
1037 788 1160 876 ferent,
1180 788 1231 854 ubi
1249 790 1351 857 futuri
1370 793 1468 865 notio,

183 895 334 962 etiamad
353 896 481 961 verbum
498 893 716 960 scriberentur
736 897 865 973 transit,
883 896 987 978 (01.0.
1010 894 1066 973 39,
1089 897 1107 960 4
1128 896 1205 974 046;
1223 897 1277 972 47,
1293 897 1375 976 9;,4.
1401 899 1459 973 97,

183 1005 222 1080 5;
245 1004 299 1081 36,
317 992 353 1082 1’;
370 1002 424 1076 37,
443 1005 478 1076 4;
495 1002 549 1085 47,
567 1004 606 1082 9;
623 1003 729 1082 54,6;
747 1003 802 1081 64,
822 1004 860 1080 5;
877 1002 933 1079 94,
955 1004 1007 1086 1);
1028 1001 1058 1066 40
1077 1001 1241 1082 1400141400,
1260 1013 1293 1069 04
1308 1004 1378 1071 Cat.
1401 1005 1458 1081 34,

182 1110 215 1186 9,
230 1130 296 1174 reon
311 1129 375 1196 que
390 1106 454 1173 sibi
478 1107 564 1173 404444
575 1107 702 1174 sceleris
716 1109 862 1175 conscius
877 1119 968 1182 esset,
984 1105 1042 1174 sed
1057 1108 1109 1174 044
1120 1128 1170 1175 res
1181 1107 1321 1198 publice
1345 1109 1463 1197 quieta

179 1217 285 1303 feret3
303 1216 356 1298 (ci.
372 1217 442 1303 lug.
464 1217 516 1294 11,
534 1214 570 1296 3;
587 1216 642 1295 33,
659 1217 695 1295 9;
713 1218 768 1293 50,
785 1216 825 1296 3;
847 1217 901 1291 59,
919 1217 957 1295 6;
983 1217 1038 1294 75,
1056 1218 1074 1280 7
1087 1240 1096 1296 ;
1114 1217 1170 1290 85,
1189 1217 1247 1297 49;
1265 1217 1318 1293 93,
1337 1218 1375 1296 8;
1400 1218 1460 1297 94,

185 1323 306 1403 1;1104,
326 1324 383 1399 99,
397 1323 439 1401 9;
466 1323 520 1402 33,
542 1324 576 1400 1;
599 1324 653 1400 38,
672 1322 726 1409 3);
749 1323 781 1388 40
817 1323 1120 1407 interrogationibus
1137 1321 1313 1403 indirectis',
1335 1335 1372 1389 ul
1385 1325 1459 1391 Cat.

183 1432 237 1509 91,
270 1431 301 1503 4,
325 1428 467 1508 temetsi,
489 1468 531 1478 —
559 1441 668 1494 400400
686 1429 898 1518 postulavere
921 1427 1074 1518 plerique
1098 1440 1135 1516 04
1154 1441 1357 1518 preponeret
1384 1451 1463 1519 quet

183 1534 328 1602 condicio
341 1534 419 1601 belli
428 1536 527 1621 feret,
540 1557 612 1623 quae
621 1535 762 1625 0000040
773 1529 878 1602 armis
881 1547 1042 1626 peterent,
1059 1549 1133 1613 040.;
1149 1537 1205 1621 (01.
1222 1537 1277 1611 99,
1296 1539 1332 1612 1;
1350 1539 1406 1617 54,
1420 1540 1461 1619 6;

182 1644 209 1708 J.
228 1645 282 1720 44,
299 1645 336 1722 4;
355 1642 409 1722 38,
427 1644 551 1726 5040.);
569 1662 606 1708 ae
621 1642 759 1729 denique
776 1645 806 1708 in
823 1643 926 1708 omnis
945 1643 1069 1729 generis
1085 1643 1263 1708 0000440440
1278 1644 1395 1729 quibus
1414 1645 1461 1711 10-

183 1750 246 1815 4004
263 1749 410 1837 quadam
426 1749 502 1814 insit
516 1749 614 1815 notio.

121 1928 123 1932 A
226 1856 284 1922 Hic
299 1856 475 1930 notandum
498 1865 545 1922 est
569 1857 698 1942 0000400,
725 1856 900 1943 prasertim
922 1855 953 1920 in
969 1855 1239 1922 conditionalibus
1262 1857 1461 1931 enuncians,

184 1963 238 2029 ubi
259 1984 296 2055 ex
312 1962 500 2029 secundaria
516 1963 739 2047 enunciatione
754 1963 925 2050 pendeant,
942 1973 973 2028 et
987 1962 1019 2052 in
1035 1963 1178 2028 oratione
1192 1963 1337 2051 obliqua,
1346 1963 1464 2052 serem

182 2054 255 2136 cum
281 2069 453 2157 ‘participio
482 2070 610 2156 perfecti
637 2070 795 2157 Junctum,
822 2070 848 2135 si
874 2069 907 2135 in
935 2069 1088 2156 primario
1115 2070 1285 2135 enuntiato
1312 2071 1463 2156 preteriti

183 2187 307 2264 tempus
323 2177 454 2265 aliquod
469 2177 522 2256 044,
538 2176 774 2263 conjunctivum
786 2178 886 2243 104004
901 2175 1049 2262 praeteriti
1067 2176 1197 2262 fingere,
1216 2187 1249 2243 ut
1262 2177 1328 2243 Cat.
1349 2177 1405 2257 23,
1424 2179 1462 2257 6,

167 2293 214 2348 -et
225 2282 324 2370 00004
328 2282 445 2374 pollui
457 2283 663 2350 consulatum
680 2281 864 2364 credebaut,
887 2283 918 2349 si
934 2304 1009 2348 eum
1024 2283 1174 2370 quemuis
1194 2282 1344 2371 eqreqius
1358 2281 1464 2355 bema

74 2393 76 2396 ⁴
182 2412 282 2456 00000
307 2392 446 2480 adeptus
461 2391 565 2479 feret,
590 2392 746 2467 (00044000
762 2392 882 2456 directa
904 2413 911 2455 :
929 2387 1104 2479 polluetur
1119 2389 1320 2468 0000040400,
1337 2389 1369 2455 04
1382 2411 1463 2457 cum

181 2534 227 2547 -
242 2495 380 2586 adeptus
394 2496 487 2584 erit);
504 2498 572 2562 Cat.
591 2496 646 2578 50,
665 2499 696 2578 4,
713 2494 813 2584 44οζ040
827 2494 887 2583 004
898 2495 932 2561 40
943 2493 1097 2562 custodiis
1108 2494 1315 2575 tenebantur,
1328 2507 1359 2561 et
1369 2517 1460 2586 pree·

184 2615 272 2670 terea
284 2601 324 2670 de
341 2607 379 2670 t.
405 2604 531 2681 Cossio,
549 2606 587 2669 P.
607 2603 719 2683 Furio,
736 2606 774 2669 P.
796 2601 970 2681 Umbreno,
991 2603 1030 2683 O.
1057 2601 1181 2680 Annio,
1196 2601 1227 2667 si
1240 2600 1394 2692 deprensi
1401 2603 1465 2691 fe-

182 2720 266 2790 rent,
280 2708 481 2800 supplicium
491 2707 693 2776 0004000004
709 2706 896 2776 decreuerat
901 2730 915 2792 ;
928 2711 944 2775 J
948 2730 997 2795 ug.
1014 2710 1068 2786 35,
1078 2710 1114 2787 9,
1129 2707 1251 2792 ueritus
1263 2730 1304 2774 00
1313 2707 1463 2799 reliques

179 2816 360 2906 populures
386 2828 491 2882 400400
514 2814 684 2882 incederet
702 2808 847 2905 parendi
858 2813 932 2895 sibi,
949 2815 979 2881 04
990 2815 1029 2880 de
1048 2814 1105 2880 ille
1123 2814 1323 2905 supplicium
1342 2837 1462 2905 sump-

183 2934 254 2990 tum
266 2926 371 3012 seret;
394 2925 448 3011 (ef.
466 2925 535 2991 Cat.
560 2925 616 3001 23,
634 2924 673 3001 33
701 2925 755 3003 96,
775 2924 810 3001 1;
834 2924 905 3009 lug.
928 2923 983 3000 65,
1004 2924 1044 3002 3;
1061 2923 1116 3002 97,
1133 2923 1180 3008 9).
1202 2922 1290 2989 nude
1304 2924 1332 2989 4.
1349 2924 1404 3003 75,
1423 2923 1461 2997 9,

181 3051 237 3119 spe
248 3027 411 3119 patrandi
425 3028 512 3109 belli,
537 3029 567 3095 04
581 3029 654 3117 ejus
673 3027 789 3119 oppidi
807 3028 933 3117 potitus
956 3028 1057 3117 seret,
1085 3029 1139 3094 ubi
1167 3029 1380 3114 gerundivum
1400 3051 1463 3117 pro

183 3137 371 3204 secundario
391 3137 561 3204 enunciuto
582 3137 691 3202 haberi
714 3146 825 3223 potest.
848 3173 890 3183 -
910 3136 1007 3200 Feret
1024 3156 1079 3220 000
1100 3147 1179 3200 00004
1192 3156 1264 3201 cum
1284 3136 1396 3221 partic.
1411 3137 1463 3203 40-

183 3245 246 3309 4004
264 3243 357 3310 activi
379 3244 410 3308 in
435 3244 716 3310 circumlocutione
739 3242 838 3308 404004
858 3243 995 3308 00000044
1017 3244 1088 3327 lug.
1120 3242 1195 3322 409,
1217 3243 1250 3314 9,
1273 3263 1392 3331 pacem
1412 3264 1463 3309 044

185 3348 306 3417 bellurn
322 3351 511 3438 eqitaturus
523 3351 623 3439 seret.

229 3458 283 3523 40ο
304 3459 462 3524 Similiter
484 3458 570 3544 sere,
593 3477 650 3542 000
672 3456 829 3544 [esttecum
849 3477 926 3533 0000,
946 3455 1103 3521 infinitivo
1119 3455 1217 3521 404004
1234 3456 1320 3521 400144
1336 3477 1402 3523 esse
1417 3457 1461 3523 li-

183 3565 309 3630 14004400
326 3564 493 3650 usurpavit
508 3564 700 3630 Sallustius:
719 3564 786 3629 Cat.
805 3563 859 3643 90,
880 3563 914 3642 1;
932 3564 986 3642 94,
1005 3563 1024 3628 3
1033 3587 1041 3642 ;
1066 3564 1121 3642 97,
1140 3563 1154 3627 4
1170 3587 1177 3640 ;
1201 3563 1257 3637 46,
1275 3564 1311 3639 9;
1328 3564 1400 3651 lug.
1423 3564 1461 3642 4,

183 3671 220 3751 3;
237 3673 275 3737 Η.
295 3693 341 3749 400,
359 3671 401 3750 6;
429 3671 503 3736 item
520 3690 591 3736 cum
617 3670 786 3757 participio
812 3670 954 3755 perlecti,
984 3679 1020 3735 ut
1041 3669 1234 3735 infinitivum
1255 3669 1354 3735 futuri
1376 3689 1462 3755 000-

185 3777 266 3843 400444
291 3778 451 3863 fingatur3
477 3787 508 3842 04
523 3777 638 3862 saepius
660 3779 745 3844 notio
762 3777 859 3842 404004
882 3776 1035 3862 simplicis
1057 3776 1150 3856 inest,
1174 3775 1273 3842 veluti
1300 3777 1370 3860 lug.
1400 3776 1460 3857 98,

183 3885 216 3963 4,
238 3882 370 3949 interim
387 3882 590 3972 Calpurnius
605 3894 726 3963 parete
743 3881 887 3948 exercitu
903 3880 1366 3971 40004044444004444000044140,
1382 3882 1463 3971 fac·
1506 3956 1511 3962 ,

184 3991 292 4071 tiosos,
310 4012 452 4078 querum
465 3990 662 4056 atteteritnte
685 4012 758 4078 quat
773 3988 963 4077 deliquisset
975 3990 1105 4055 40044440
1118 3989 1193 4077 fere
1217 3987 1386 4077 sperabat,
1402 3990 1461 4057 ubi

183 4099 279 4164 etiam
297 4097 473 4164 notandum
487 4108 532 4164 004
548 4098 706 4164 notionem
724 4098 823 4162 404004
845 4096 884 4162 ad
902 4098 1248 4184 plusquamperfectum
1263 4096 1461 4183 conjunctivi

182 4206 347 4270 transiisse
373 4206 467 4290 (orat.
496 4203 615 4270 directa
641 4227 648 4270 :
677 4225 750 4292 000·
774 4201 953 4291 deliquere,
974 4203 1116 4283 0400440,
1142 4214 1181 4269 ut
1202 4224 1309 4292 spere,
1333 4207 1459 4288 erunt).

183 4313 265 4376 Fere
284 4313 425 4396 suppleri
453 4312 667 4397 incilcpolest
690 4312 890 4396 exsequenti
916 4311 1024 4377 404000
1055 4309 1204 4375 infinitivi
1235 4311 1306 4396 lug.
1338 4309 1394 4387 88,
1425 4311 1460 4389 4,

182 4416 231 4482 440
244 4416 444 4505 4000444004
465 4429 526 4483 004
542 4416 708 4507 praesidiis
737 4415 914 4497 nudatum,
936 4416 967 4482 04
983 4438 1023 4482 00
1043 4426 1228 4506 pateretur,
1255 4427 1316 4481 aut
1339 4415 1462 4505 praelio

182 4535 399 4603 certaturum,
422 4525 474 4590 ubi
502 4537 606 4590 tamen
630 4524 782 4590 audacior
805 4524 928 4609 ellipsis
948 4523 1088 4589 notanda
1109 4533 1174 4602 est;
1197 4532 1228 4588 04
1252 4542 1315 4589 000
1332 4521 1460 4591 admitti

184 4642 297 4717 004004,
312 4630 341 4695 44
357 4630 441 4716 quod
462 4630 601 4698 Kritzius
622 4642 652 4697 et
672 4632 740 4711 alii,
759 4630 842 4697 inter
856 4652 935 4716 quos
948 4632 1072 4697 Marcou
1089 4644 1195 4695 noster
1211 4630 1248 4715 (1.
1268 4631 1289 4695 1.
1309 4650 1340 4714 p.
1358 4629 1459 4715 940),

181 4739 307 4815 uolunt,
318 4738 533 4824 supplendum
544 4757 611 4805 esse
621 4736 666 4802 iri
678 4738 824 4817 verbum,
838 4735 1043 4804 etnudutum
1060 4756 1116 4821 pro
1131 4736 1245 4823 supino
1259 4734 1458 4803 habendum.
