3314 5526
736 412 930 471 -182-

187 569 280 634 betur
300 591 307 633 :
327 567 394 632 Cat.
413 567 467 645 39,
494 567 526 644 5,
548 568 645 654 fuere
658 577 752 631 extre
769 564 1031 657 conjurationem
1055 568 1235 651 complures
1254 567 1309 652 qui
1330 563 1381 631 ed
1399 568 1465 634 Ca-

187 675 319 741 tilinam
341 674 470 759 proiecti
496 686 583 752 sunt,
606 672 659 739 ubi
688 674 853 740 observata
875 673 1001 739 ridetur
1018 675 1129 760 regula
1152 674 1210 739 illa
1231 675 1465 740 nonnullorum

185 781 465 869 grammaticorum
478 780 669 863 (Goerenzti,
686 779 803 855 Reieri,
825 779 994 864 Zumptii),
1014 779 1069 863 qui
1089 781 1211 848 volunt.
1228 780 1253 844 si
1274 781 1374 846 verbo
1387 791 1468 847 suut

186 889 363 976 subjectum
379 888 509 973 aliquod
528 887 671 953 additum
687 887 738 964 sit,
756 886 965 952 indicativum
986 887 1022 973 in
1037 907 1070 952 re
1085 887 1134 952 vel
1153 887 1311 953 sententia
1326 896 1362 952 ut
1377 897 1467 953 certa
1522 915 1530 932 ·

186 995 379 1062 declaranda
399 1008 481 1060 recte
505 1014 537 1059 se
559 994 693 1072 habere3
709 993 859 1060 similiter
874 993 945 1059 Cat.
969 994 1024 1072 52,
1044 994 1099 1072 2l,
1116 991 1174 1059 sed
1194 991 1264 1059 eliu
1276 993 1376 1082 suere
1390 1013 1466 1081 quac

186 1101 260 1168 illos
273 1122 411 1189 moquos
423 1101 546 1188 secere3
567 1101 638 1184 lug.
659 1100 734 1178 l02,
756 1101 789 1180 2,
811 1098 912 1187 leqeti
925 1122 947 1165 u
964 1099 1091 1166 Bocelro
1111 1098 1257 1177 ueniunt,
1274 1099 1335 1188 qui
1356 1099 1465 1167 -ub

187 1209 295 1277 Murio
305 1207 461 1297 petivere.
480 1208 519 1274 At
539 1208 607 1273 Cat.
632 1208 685 1286 19,
708 1209 740 1284 4,
761 1217 839 1272 stent
856 1205 915 1294 qui
933 1205 981 1272 ita
999 1204 1126 1286 dicunt,
1146 1204 1339 1273 dissentiunt
1360 1207 1465 1273 edito·

186 1336 252 1398 res3
271 1335 345 1381 nam
360 1314 500 1381 Kritzius
518 1333 590 1380 eum
605 1315 696 1400 longe
713 1313 861 1399 plurimis
871 1313 1034 1379 codicibus
1044 1311 1158 1380 dieunt
1165 1313 1287 1392 scribit,
1302 1313 1466 1380 Jordanus

187 1434 293 1489 autem
313 1432 343 1488 et
367 1421 558 1499 Dietschius,
580 1441 659 1505 quos
678 1420 841 1486 Jacobsius
861 1421 1018 1506 sequitur,
1039 1441 1075 1486 ex
1096 1420 1214 1486 codicis
1228 1420 1365 1487 Parisini
1383 1440 1465 1506 pau-

186 1548 359 1614 corumque
388 1529 581 1612 optimorum
609 1528 797 1593 auctoritate
815 1527 1052 1610 conjunctivum
1069 1529 1204 1593 malunt.
1223 1530 1286 1613 Ego
1300 1547 1374 1593 vero
1389 1547 1466 1593 cum

186 1636 307 1702 Kritzio
322 1655 386 1701 non
401 1636 504 1700 facere
520 1654 655 1720 nequeo,
673 1636 812 1720 primum
825 1636 902 1720 quia
922 1634 1124 1713 Sallustium,
1138 1654 1239 1721 quum
1251 1634 1340 1700 illius
1354 1654 1465 1700 rumo-

187 1743 231 1808 ris
247 1744 304 1829 (sc.
323 1742 470 1808 Pisonem
486 1742 525 1807 ab
540 1741 700 1828 equitibus
716 1741 869 1827 Hispanis
894 1750 1022 1827 propter
1045 1741 1171 1827 imperii
1187 1741 1387 1807 severitatem
1412 1761 1465 1808 ne·

186 1858 291 1916 catum
312 1849 424 1934 fuisse)
451 1848 648 1914 hauddubie
665 1858 769 1914 nosset
789 1859 945 1927 auctores,
965 1868 1075 1914 eorum
1094 1849 1284 1914 sententiam
1303 1848 1374 1914 sine
1394 1850 1466 1915 ulla

186 1956 384 2022 restrictione
399 1956 570 2041 protulisse
585 1955 757 2021 verisimile
772 1965 830 2033 est,
847 1954 961 2020 deinde
971 1955 1048 2041 quia
1062 1955 1254 2021 difficile’est
1268 1953 1399 2021 credere
1418 1966 1466 2022 tot

184 2062 306 2128 codices
338 2063 454 2148 (neque
487 2081 596 2127 omnes
615 2060 744 2147 quidem
773 2061 816 2127 ita
844 2061 1028 2155 deteriores)
1056 2061 1218 2128 insolitam
1240 2062 1305 2128 lere
1326 2061 1465 2128 formam

186 2169 400 2235 usitatissimae
420 2189 457 2234 ex
478 2169 610 2234 arbitrio
626 2168 816 2254 praetulisse.

233 2277 268 2342 2⁰
290 2276 435 2342 Relativa
455 2276 626 2342 enunciata
644 2295 837 2342 causacum
854 2275 1054 2363 conjunctivo
1075 2275 1218 2342 adhiberi
1244 2277 1358 2355 solere,
1378 2276 1465 2342 indi-

186 2384 326 2449 cativum
349 2392 454 2448 autem
472 2403 639 2468 perrarum
664 2403 730 2448 esse
754 2392 886 2448 constal.
910 2384 1081 2448 Sallustius
1107 2383 1343 2469 conjunctivum
1362 2386 1473 2449 semel.

185 2502 308 2557 tuntum
326 2491 504 2575 usurparit,
525 2491 591 2556 Gal.
612 2491 666 2569 52,
687 2490 721 2581 8,
741 2488 799 2577 qui
817 2487 901 2555 mibi
915 2500 1014 2576 etque
1028 2486 1139 2554 auimo
1155 2509 1227 2554 meo
1241 2486 1368 2554 uullius
1384 2509 1465 2555 um-

185 2618 284 2684 quem
301 2596 412 2663 delicti
421 2595 742 2685 pretiumsecisseut,
759 2594 854 2662 deuel
860 2594 962 2684 facile
976 2594 1112 2661 ulterius
1125 2593 1268 2661 lubidini
1280 2593 1466 2683 malefacta

183 2702 423 2784 condonabatur,
446 2714 476 2768 et
498 2724 569 2769 cum
590 2713 701 2791 utpote
726 2705 795 2770 Cat.
823 2704 877 2780 57,
902 2705 933 2782 4,
955 2713 1069 2791 utpote
1093 2701 1153 2790 qui
1171 2723 1292 2789 meque
1312 2702 1465 2768 caeercitu

184 2809 263 2877 loeis
280 2809 482 2897 aequioribus
497 2807 667 2897 expeditus
689 2819 875 2895 sequeretur
895 2808 919 2874 ¹.
937 2810 976 2874 ht
992 2809 1023 2874 in
1039 2809 1195 2896 ejusmodi
1209 2809 1387 2875 enuntiatis
1408 2813 1463 2875 in-

183 2916 311 2983 dicativi
332 2919 492 3001 permulta
516 2916 663 3000 exempla
687 2915 907 2995 inveniuntur,
938 2925 1054 3001 praeter
1078 2916 1226 2982 undecim
1255 2916 1313 2981 illa
1339 2915 1461 3001 quibus

183 3044 255 3089 cum
272 3024 429 3108 particula
445 3021 569 3112 quippe
582 3023 734 3089 relativus
744 3023 891 3110 jungitur
908 3045 915 3086 :
934 3024 1002 3089 Cat.
1019 3023 1073 3099 48,
1091 3024 1124 3094 2,
1141 3022 1264 3112 quippe
1277 3019 1332 3087 cui
1347 3043 1464 3089 omnes

183 3129 331 3218 eopia-iu
345 3151 419 3208 usu,
436 3128 601 3195 cotidiano
619 3141 651 3195 et
663 3127 755 3196 cultu
769 3129 916 3218 corporis
932 3140 1038 3210 erant3
1055 3131 1126 3215 Jug.
1146 3131 1179 3209 7,
1196 3131 1233 3209 63
1252 3131 1306 3206 14,
1325 3131 1367 3195 10
1375 3153 1387 3206 ,·
1404 3131 1462 3208 20,

183 3238 220 3316 63
238 3238 292 3312 28,
312 3239 326 3301 1
342 3261 350 3316 ;
368 3237 422 3316 48,
446 3239 481 3316 1;
500 3238 554 3315 76,
574 3238 588 3301 1
600 3244 609 3319 ζ
631 3238 686 3316 85,
707 3238 766 3318 323
783 3237 839 3316 86,
858 3238 992 3317 33Hist.
1011 3259 1045 3316 n,
1063 3237 1117 3314 27,
1134 3236 1257 3325 quippe
1271 3233 1366 3324 apud
1379 3256 1466 3323 quos

183 3343 283 3410 etium
305 3355 375 3410 tum
394 3344 554 3410 semiruto
577 3343 714 3425 moenio,
741 3342 857 3410 demtis
879 3343 1004 3410 intectae
1019 3342 1231 3432 parietesque
1253 3341 1465 3431 ¹terttplorum

183 3449 328 3517 ambusti
342 3472 462 3517 merrus
476 3449 619 3517 Punicus
634 3453 855 3530 ostentabant3
875 3451 956 3517 Hist.
979 3473 1025 3529 ιιι,
1045 3452 1076 3529 1,
1094 3452 1113 3515 4
1130 3449 1153 3515 ².

228 3557 386 3625 Similiter
405 3557 474 3623 sine
494 3558 652 3643 particula
672 3561 790 3645 quippe
818 3582 825 3624 :
850 3560 921 3644 lug.
946 3558 999 3636 10,
1022 3560 1053 3638 7,
1075 3568 1219 3623 ceterum
1240 3567 1318 3621 aute
1341 3554 1400 3622 bos
1418 3567 1462 3638 te,

214 3749 236 3793 1.
258 3747 352 3807 utpote
367 3741 576 3801 eamindicetivo
587 3744 667 3793 semel
682 3743 751 3809 apud
763 3744 913 3794 Ciceronem
924 3750 971 3801 est,
986 3743 1020 3793 ad
1032 3745 1086 3793 Aac.
1100 3747 1123 3802 2,
1139 3746 1178 3804 tt,
1190 3757 1222 3793 eu
1236 3757 1291 3803 nos,
1306 3745 1401 3807 utpote
1417 3745 1468 3808 qui

181 3814 252 3866 uttrt
266 3818 436 3866 contemnere
449 3814 571 3877 solemus,
587 3826 643 3865 nou
651 3816 911 3878 pertimescebamus.
928 3841 957 3851 -
970 3816 1002 3866 Ut
1013 3815 1060 3880 qui
1071 3814 1169 3864 causali
1184 3813 1374 3878 significatione
1390 3815 1466 3877 apud

183 3886 332 3936 Sallustium
348 3884 399 3934 u‘on
415 3885 507 3934 inveni.

213 3970 236 4016 2.
256 3966 426 4015 Indicativum
441 3972 547 4029 propter
564 3981 595 4015 ea
609 3966 760 4015 adhibuisse
775 3972 848 4031 putat
860 3966 1038 4016 Badstuebner
1051 3966 1079 4029 (l.
1095 3966 1112 4016 1.
1128 3981 1154 4030 p.
1170 3966 1218 4030 11),
1236 3965 1305 4030 quod
1317 3964 1414 4028 ubique
1429 3965 1466 4015 ad

184 4036 340 4086 illustranda
354 4036 528 4101 praecedentia
540 4038 617 4086 rebus
632 4042 728 4098 utatur,
742 4053 799 4101 quae
815 4053 874 4086 vera
887 4037 983 4087 fuerint
993 4043 1037 4086 aut
1052 4037 1128 4086 sactae
1139 4037 1199 4094 sint,
1213 4041 1239 4085 et
1250 4035 1356 4086 rationis
1371 4050 1467 4086 neces·

182 4107 323 4157 altudinem
345 4122 402 4171 quae
424 4108 491 4156 inter
506 4117 642 4171 utrumque
658 4108 824 4158 enunciatum
837 4108 989 4169 intercedat,
1005 4123 1113 4172 prorsus
1130 4108 1254 4172 negligat.
1268 4108 1302 4158 m
1316 4107 1342 4156 iu
1358 4121 1468 4158 summa

183 4182 344 4242 trequentem
360 4178 428 4242 apud
443 4179 595 4228 Sallustium
616 4179 750 4228 indicativi
765 4195 839 4228 usum
854 4195 885 4228 ex
900 4180 1035 4243 scriptoris
1054 4180 1136 4240 ipsius
1156 4178 1262 4243 ingenio
1277 4176 1424 4242 proiectum
1438 4188 1467 4230 et

182 4248 209 4297 in
223 4249 342 4298 historiae
363 4256 456 4298 tratura
470 4249 582 4313 positum
597 4255 697 4310 censet;
716 4249 813 4299 numid
828 4265 920 4299 munus
933 4258 1009 4314 atque
1027 4249 1142 4299 osdcium
1157 4249 1290 4299 historicis
1305 4248 1463 4312 impositum

181 4333 240 4368 esse
252 4326 280 4368 ut
295 4339 308 4366 u
322 4320 350 4368 in
363 4321 441 4370 rebus
458 4320 597 4370 narrandis
612 4336 690 4384 quam
702 4321 813 4370 maxime
825 4327 933 4371 caveant
947 4337 979 4370 ne
996 4321 1058 4384 quid
1071 4320 1162 4370 incerti
1173 4320 1213 4369 vel
1230 4319 1284 4370 fleti
1296 4319 1424 4370 referant.
1447 4338 1465 4370 ιι

181 4390 241 4439 Νοιι
256 4391 337 4454 igitur
352 4391 384 4440 ad
397 4392 557 4451 Graecorum,
569 4397 597 4441 ut
609 4391 762 4441 Gerlachius
779 4392 858 4441 voluit
873 4394 919 4457 (ιιι,
937 4395 1001 4456 324),
1016 4393 1108 4442 autad
1123 4395 1289 4455 antiquorum
1303 4390 1467 4455 scriptorum

181 4463 363 4519 imitationem,
377 4471 404 4511 ut
419 4463 536 4512 Lawsius
548 4464 574 4528 (l.
588 4462 605 4512 1.
617 4479 641 4526 p.
656 4463 679 4525 1)
691 4463 760 4512 hunc
774 4479 850 4512 usum
864 4464 962 4514 referre
975 4478 1082 4513 necasse
1091 4469 1140 4512 est.
1152 4464 1259 4513 Rectius
1271 4478 1332 4512 vero
1343 4461 1466 4514 Kritzius

181 4534 222 4596 (ad
236 4534 291 4582 Cat.
306 4535 344 4589 18,
359 4533 383 4597 2)
396 4534 496 4583 monuit
515 4535 562 4583 bas
577 4534 718 4583 sententias
733 4543 848 4583 nontam
867 4543 921 4584 arta
941 4550 998 4584 esse
1013 4551 1072 4585 cum
1090 4535 1220 4599 prioribus
1242 4534 1405 4598 conjunctas,
1422 4533 1466 4584 ita

181 4612 209 4653 ut
223 4605 367 4654 enunciatis
383 4620 429 4669 per
440 4606 595 4669 pamiculam
609 4619 674 4656 num
689 4605 816 4670 adjunctis
838 4605 976 4656 simillimae
996 4606 1154 4656 viderentur.
1180 4606 1279 4655 Eadem
1299 4605 1464 4655 constructio

180 4676 317 4738 particulae
332 4676 433 4741 quippe
446 4677 560 4727 occurrit
571 4677 639 4741 apud
651 4676 761 4737 Livium,
777 4684 893 4726 ceterum
907 4677 1064 4743 conjunctivi
1075 4677 1262 4727 amantiorem:
1278 4691 1316 4738 111,
1332 4678 1360 4736 63
1375 4691 1399 4737 r,
1413 4677 1464 4739 373

181 4760 235 4807 vnr,
251 4748 295 4807 263
307 4762 373 4806 xxvr,
389 4749 427 4799 ll.
