3314 5526
747 449 943 506 —ett-

253 593 315 656 Neo
336 590 437 676 magis
460 610 510 668 ιι,
531 611 603 678 ιιι
622 611 659 657 ιι
679 591 849 677 participio
874 593 1037 676 praesentis
1067 601 1138 658 orta
1157 604 1243 671 sunt,
1265 593 1421 678 adjectiva
1435 593 1485 659 -ιιι

211 696 355 763 adhiberi
381 710 531 782 possunt,
557 707 592 763 ιι
618 709 736 764 certam
758 718 825 764 rem
849 699 915 764 sive
939 699 1280 785 personamindicent,
1306 699 1360 764 sed
1386 709 1484 764 totum

210 804 304 870 modo
319 824 426 870 cerum
449 823 549 890 genus
572 805 753 892 significare
778 818 922 890 possunt.
942 808 1009 872 Huc
1030 814 1136 871 autem
1155 807 1315 902 pertinent
1329 806 1487 890 ejusmodi

208 913 374 977 sententiae
390 911 532 977 relative
548 935 555 976 :
575 912 644 978 Cat.
664 914 718 990 lt,
735 915 768 987 7,
784 912 850 978 scio
862 912 967 1001 fnisse
981 911 1157 978 nonnullos
1172 912 1232 999 qni
1246 911 1294 977 ιιι
1312 912 1484 978 existima-

208 1028 293 1096 rent,
304 1016 528 1104 juvenuttem,
544 1037 618 1104 qnae
632 1016 768 1084 domum
785 1017 938 1087 Catilina
950 1017 1198 1108 frequentabat,
1208 1040 1338 1108 partem
1352 1017 1485 1084 honeste

206 1121 406 1212 pudicitiam
420 1121 590 1204 babncsse3
611 1126 682 1210 lug.
702 1126 755 1204 16,
771 1124 806 1203 ’1,
824 1124 902 1191 uicit
920 1136 1030 1191 tamen
1044 1125 1079 1190 ln
1093 1137 1209 1190 senatu
1220 1147 1302 1213 pars
1323 1123 1395 1204 blla,
1412 1145 1486 1213 qnee

210 1252 286 1297 vero
302 1230 453 1319 pretinm
469 1242 530 1296 aut
548 1231 695 1318 qratiam
718 1230 925 1320 anteferebat
950 1232 1143 1317 (ι1.6ιι.6,
1167 1235 1217 1316 1);
1246 1234 1301 1310 55,
1325 1233 1356 1311 1,
1373 1230 1490 1297 consul

210 1348 383 1426 optumam
396 1340 493 1425 sacta
511 1349 606 1404 ratus
630 1349 758 1404 noctem
777 1360 848 1424 quae
869 1340 1008 1406 instabat
1025 1347 1230 1426 antecapere,
1247 1341 1297 1404 cni
1320 1358 1480 1423 opponcn-
1548 1360 1556 1369 ·
1597 1421 1603 1448 k

211 1445 271 1511 dus
281 1456 328 1510 ιιι
343 1445 393 1510 hic
409 1447 506 1523 locus,
519 1446 600 1510 llist.
618 1467 666 1525 tu,
682 1447 738 1519 65,
754 1447 803 1512 Μ.
817 1433 982 1512 Antonios
993 1443 1176 1534 perdundae
1184 1445 1337 1535 periente
1356 1444 1487 1532 penitus

210 1570 401 1638 nacnusqnc
419 1572 439 1615 a
454 1551 542 1617 caris
560 1550 627 1618 nisi
643 1552 849 1631 instantibus,
867 1553 921 1618 ubi
937 1572 1000 1618 non
1017 1551 1055 1619 de
1069 1552 1163 1618 certis
1178 1552 1263 1618 curis
1279 1553 1396 1638 agitur,
1413 1572 1487 1637 quea

212 1669 287 1724 tuuc
303 1677 412 1723 revera
428 1658 602 1738 instabant,
621 1658 676 1725 sad
696 1670 796 1725 totum
813 1679 913 1744 genus
927 1679 1076 1725 curarum
1095 1659 1338 1744 intelligendum
1354 1669 1401 1725 cst
1417 1659 1439 1723 ¹.
1551 1682 1553 1687 ·

254 1791 270 1824 ἰ
288 1767 366 1831 Item
380 1784 506 1851 semper
524 1766 681 1832 sententia
696 1767 830 1832 relativa
842 1767 1025 1845 adhibetur,
1043 1766 1096 1832 ubi
1113 1765 1192 1831 situs
1205 1766 1347 1832 locorum
1359 1766 1403 1831 ιιι
1418 1765 1488 1832 des·

176 1920 177 1923 ,
212 1872 393 1949 cribuntur,
415 1881 451 1936 ut
471 1871 543 1939 inde
565 1873 661 1939 simul
681 1873 816 1949 eluceat,
834 1873 890 1959 qui
910 1875 996 1937 locus
1011 1871 1237 1958 intelligendus
1254 1873 1296 1936 sit
1312 1895 1320 1937 :
1337 1873 1407 1956 lug.
1430 1873 1485 1949 92,

213 1981 245 2054 5,
268 1999 413 2066 namque
432 1977 527 2044 band
539 1978 636 2066 lonpe
648 2001 670 2044 a
687 1978 829 2067 (lumine
848 1978 1039 2059 lllulncoba,
1057 1976 1148 2066 qaod
1159 1977 1332 2066 ltcpnrtbce
1354 1976 1488 2044 Boccbi-

213 2106 276 2174 qne
290 2106 429 2173 repnurn
444 2083 652 2172 dejunpebat,
667 2097 740 2151 erat
757 2121 801 2136 -
815 2108 909 2151 rnons
922 2106 1042 2151 saccus
1060 2086 1113 2170 (cl.
1131 2087 1159 2151 l.
1179 2086 1232 2163 16,
1250 2086 1298 2170 5).
1320 2085 1361 2152 At
1379 2096 1489 2151 contra

213 2212 312 2278 quum
332 2194 363 2257 in
380 2191 587 2258 describendo
612 2193 674 2258 situ
690 2194 738 2257 vel
761 2204 876 2258 natum
893 2192 951 2257 loci
969 2191 1106 2278 alicujus
1126 2193 1174 2257 vel
1191 2191 1346 2268 fluminis,
1372 2211 1436 2257 non
1458 2191 1489 2256 id

214 2299 331 2384 egitur,
351 2308 385 2363 ut
404 2297 443 2364 de
467 2318 531 2384 quo
548 2299 615 2364 loco
635 2300 682 2364 vel
705 2299 838 2364 llumine
853 2299 895 2364 sit
913 2318 1016 2364 sermo
1039 2298 1251 2383 intelligatur,
1273 2298 1327 2364 sed
1352 2308 1489 2363 tantum·

214 2405 308 2472 modo
327 2405 418 2490 quasi
446 2405 608 2471 narrando
631 2405 762 2471 additur
784 2405 967 2491 descriptio,
991 2405 1197 2490 participium
1217 2425 1344 2491 quoque
1364 2404 1491 2470 adhibe·

214 2523 280 2589 tur,
296 2513 339 2576 ita
359 2511 489 2598 quidem
511 2523 545 2577 ut
567 2512 777 2597 appositionis
798 2514 901 2577 locum
925 2520 1043 2588 teneat,
1068 2513 1166 2577 veluti
1187 2513 1259 2596 lug.
1288 2513 1342 2589 tu,
1360 2512 1393 2588 3,
1420 2521 1492 2576 erat

215 2618 249 2684 ln
261 2639 301 2684 ea
316 2631 420 2708 parte
433 2616 602 2684 Numidiae
614 2639 717 2706 quam
728 2617 902 2685 Adherbal
912 2619 947 2684 ln
961 2617 1120 2684 divisione
1136 2616 1340 2708 possederat,
1363 2616 1490 2707 flumen

215 2727 321 2791 oriens
336 2747 357 2790 a
369 2724 517 2803 meridie,
531 2726 663 2791 rtomlne
677 2725 822 2806 Muthul,
835 2748 856 2790 a
870 2745 936 2813 qno
953 2724 1071 2791 aberat
1080 2746 1174 2791 mons
1180 2746 1195 2808 ;
1206 2723 1264 2791 sed
1274 2746 1315 2791 ec
1329 2746 1366 2790 eo
1381 2722 1488 2789 medlo

216 2833 314 2920 qttast'
331 2830 423 2898 collis
437 2830 616 2912 oriebatur,
633 2833 668 2898 ιιι
689 2832 886 2899 immensum
903 2834 1096 2919 pertingens,
1113 2838 1248 2898 uestitus
1267 2831 1407 2898 oleastro
1423 2831 1447 2896 ².
1476 2856 1487 2889 ι

260 2938 322 3004 Sed
338 2939 424 3024 quod
443 2938 482 3004 de
501 2959 612 3005 sensus
635 2939 817 3006 discrimina
838 2941 920 3006 inter
936 2937 1139 3025 participium
1158 2949 1190 3005 ιι
1207 2939 1398 3005 sententiam
1414 2940 1492 3003 nola·
1610 2978 1612 2983 π

216 3045 314 3134 tinam
330 3047 512 3123 statuimus,
530 3046 689 3131 imprimis
703 3047 789 3112 cadit
805 3047 836 3111 in
851 3047 982 3112 nomine
1001 3047 1178 3113 collectiva.
1196 3047 1274 3126 Quae
1292 3049 1365 3112 cum
1380 3045 1490 3111 multi·
1584 3119 1587 3124 .

217 3151 361 3218 tudinem
380 3154 433 3216 'val
464 3172 673 3238 personarum
694 3154 744 3218 vel
761 3173 868 3220 recum
888 3153 1170 3240 comprehendant,
1192 3154 1283 3218 lacile
1301 3151 1493 3236 intelligitur

186 3259 372 3345 ,ambitum
386 3279 497 3325 eorum
516 3279 580 3324 non
603 3259 665 3325 nisi
685 3260 851 3326 sententiis
870 3260 1012 3326 relativis
1027 3259 1153 3326 definiri
1172 3280 1274 3346 posse.
1291 3261 1398 3339 Quare
1416 3259 1487 3325 Cet.
1546 3272 1547 3275 ’

217 3366 272 3444 16,
300 3367 331 3440 1,
356 3363 411 3431 sed
422 3365 646 3454 juventutem,
672 3386 787 3453 quam,
814 3377 978 3457 utsupra
1001 3352 1159 3446 diabulus,
1181 3365 1354 3445 lnleaerat‚
1380 3363 1494 3431 multis

216 3471 323 3538 modis
346 3471 438 3538 mala
458 3471 617 3561 facinora
640 3471 808 3553 edocebat,
829 3478 967 3540 multum
986 3474 1092 3540 dillart
1107 3474 1147 3540 oh
1164 3475 1219 3539 illo
1238 3499 1249 3533 t
1268 3471 1493 3560 sedjnventn-

217 3590 282 3645 tem
297 3578 454 3659 illectam,
478 3605 492 3642 u
520 3580 574 3646 ubi
599 3600 661 3647 non
686 3581 861 3666 opponitur
882 3581 1059 3668 juventutis
1084 3581 1185 3646 altera
1215 3601 1287 3666 pars
1306 3579 1412 3655 alteri,
1438 3578 1492 3645 scd

216 3687 405 3772 simpliciter
415 3687 454 3753 de
462 3679 630 3772 juveutute
645 3689 786 3753 Romane
803 3688 919 3774 agitur,
938 3709 1009 3774 qum
1024 3698 1098 3753 uota
1112 3708 1163 3767 ιι,
1179 3676 1251 3774 qum
1264 3686 1433 3772 participio
1448 3685 1493 3750 in·
1576 3724 1579 3728 >

216 3793 354 3870 dicatur,
377 3793 512 3879 insignis
526 3802 591 3872 ast3
619 3793 642 3858 ii
663 3797 787 3860 tautum
803 3795 957 3882 juvenum
976 3796 1193 3860 Romanorum
1207 3793 1422 3878 respiciuntur
1436 3791 1492 3876 qui

217 3900 314 3965 illecti
333 3910 419 3979 sunt,
437 3901 529 3966 nulla
545 3920 673 3986 prorsus
690 3901 811 3967 ratione
828 3901 936 3967 habita
952 3920 1062 3967 eorum
1077 3900 1132 3986 qui
1146 3920 1211 3966 nou
1225 3899 1321 3965 illecti
1339 3906 1424 3965 sunt.
1441 3899 1493 3964 Si-

208 4007 287 4072 ¹mili
301 4006 394 4072 modo
410 4007 583 4073 Sallustius
597 4008 727 4074 nomine
744 4018 901 4074 terrarum
917 4017 1064 4093 usurpat,
1083 4007 1173 4072 itaut
1189 4006 1359 4072 relativum
1374 4025 1437 4070 non
1453 4003 1493 4070 ad

217 4114 400 4180 universam
424 4123 541 4180 terram
560 4124 690 4200 spectet,
712 4114 999 4219 sedotantummodo
1015 4114 1056 4179 ad
1069 4123 1193 4190 ,certam
1214 4112 1334 4199 partam
1350 4133 1427 4198 quae,
1439 4111 1491 4178 toti

218 4234 310 4286 tcrcae
333 4220 519 4305 opponitur,
546 4221 632 4287 velut
647 4223 663 4287 J
668 4242 717 4306 ug.
735 4223 791 4301 61,
822 4223 855 4300 2,
871 4232 1013 4287 ceteram
1029 4219 1209 4313 exercitam
1225 4219 1260 4286 ln
1269 4217 1491 4307 prouinciam,

217 4347 291 4415 pne
302 4348 472 4416 procoma
491 4338 540 4393 est
560 4326 740 4407 Numidia,
764 4325 936 4395 biemandt'
961 4327 1075 4415 pratia
1090 4326 1266 4405 conlocat,
1290 4326 1344 4392 ubi
1370 4325 1493 4391 nonde

218 4445 283 4501 tota
299 4435 464 4520 provincie
483 4436 600 4524 agitur,
619 4435 673 4501 sed
688 4446 811 4501 tautum
827 4436 865 4502 do
880 4421 1022 4521 ea'parta
1045 4435 1217 4521 provinciae
1243 4454 1315 4520 quae
1335 4432 1494 4499 Numidiae

219 4542 362 4626 proxime
377 4552 447 4607 eret
461 4544 514 4625 (cl.
533 4544 603 4628 lug.
626 4543 682 4623 89,
704 4543 737 4628 7)
760 4541 783 4608 ³.

250 4668 272 4713 l.
290 4664 328 4713 Cl.
343 4664 417 4721 Lilie,
431 4664 448 4713 l.
464 4664 492 4716 l.·
505 4680 530 4729 p.
548 4668 585 4716 tt.

249 4739 272 4785 2.
292 4735 365 4796 Lilia,
379 4752 405 4800 p.
418 4738 456 4787 15.

250 4809 274 4854 3.
292 4806 330 4856 Cl'.
346 4805 420 4866 Lilie,
437 4823 453 4870 p
477 4811 559 4858 15-16.
