<?xml version="1.0" encoding="UTF-8"?>
<!DOCTYPE html PUBLIC "-//W3C//DTD XHTML 1.0 Transitional//EN"
    "http://www.w3.org/TR/xhtml1/DTD/xhtml1-transitional.dtd">
<html xmlns="http://www.w3.org/1999/xhtml" xml:lang="en" lang="en">
 <head>
  <title>
</title>
<meta http-equiv="Content-Type" content="text/html;charset=utf-8" />
  <meta name='ocr-system' content='tesseract 3.04.00' />
  <meta name='ocr-capabilities' content='ocr_page ocr_carea ocr_par ocr_line ocrx_word'/>
</head>
<body>
  <div class='ocr_page' id='page_1' title='image "./desermonesallus00consgoog_0020.png"; bbox 0 0 3314 5526; ppageno 0'>
   <div class='ocr_carea' id='block_1_1' title="bbox 434 779 1165 1106">
    <p class='ocr_par' dir='ltr' id='par_1_1' title="bbox 434 779 1165 1106">
     <span class='ocr_line' id='line_1_1' title="bbox 529 779 1005 913; baseline -0.002 -22"><span class='ocrx_word' id='word_1_1' title='bbox 529 779 709 891; x_wconf 82' lang='lat' dir='ltr'>PARS</span> <span class='ocrx_word' id='word_1_2' title='bbox 764 781 1005 913; x_wconf 82' lang='lat' dir='ltr'><strong>PRIMA.</strong></span> 
     </span>
     <span class='ocr_line' id='line_1_2' title="bbox 434 963 1165 1106; baseline -0.003 -2"><span class='ocrx_word' id='word_1_3' title='bbox 434 1022 534 1104; x_wconf 78' lang='lat' dir='ltr'>Du</span> <span class='ocrx_word' id='word_1_4' title='bbox 602 1021 1091 1106; x_wconf 71' lang='lat' dir='ltr'>Emumumuvs.</span> <span class='ocrx_word' id='word_1_5' title='bbox 1160 963 1165 973; x_wconf 68' lang='grc'><strong>’</strong></span> 
     </span>
    </p>
   </div>
   <div class='ocr_carea' id='block_1_2' title="bbox 675 1481 852 1574">
    <p class='ocr_par' dir='ltr' id='par_1_2' title="bbox 675 1481 852 1574">
     <span class='ocr_line' id='line_1_3' title="bbox 675 1481 852 1574; baseline 0.006 -3"><span class='ocrx_word' id='word_1_6' title='bbox 675 1481 803 1574; x_wconf 78' lang='lat' dir='ltr'>curor</span> <span class='ocrx_word' id='word_1_7' title='bbox 828 1508 852 1573; x_wconf 90' lang='lat'>1.</span> 
     </span>
    </p>
   </div>
   <div class='ocr_carea' id='block_1_3' title="bbox 613 1724 917 1771">
    <p class='ocr_par' dir='ltr' id='par_1_3' title="bbox 613 1724 917 1771">
     <span class='ocr_line' id='line_1_4' title="bbox 613 1724 917 1771; baseline 0.003 -1"><span class='ocrx_word' id='word_1_8' title='bbox 613 1725 652 1770; x_wconf 78' lang='grc' dir='ltr'>ΒΕ</span> <span class='ocrx_word' id='word_1_9' title='bbox 676 1724 917 1771; x_wconf 76' lang='lat' dir='ltr'>onrfloonbufltn.</span> 
     </span>
    </p>
   </div>
   <div class='ocr_carea' id='block_1_4' title="bbox 127 1897 1407 4440">
    <p class='ocr_par' dir='ltr' id='par_1_4' title="bbox 128 1897 1403 2092">
     <span class='ocr_line' id='line_1_5' title="bbox 173 1897 1403 1987; baseline 0.001 -21"><span class='ocrx_word' id='word_1_10' title='bbox 173 1898 319 1966; x_wconf 90' lang='lat' dir='ltr'>Primum</span> <span class='ocrx_word' id='word_1_11' title='bbox 333 1897 463 1987; x_wconf 88' lang='lat' dir='ltr'>quidem</span> <span class='ocrx_word' id='word_1_12' title='bbox 482 1898 521 1965; x_wconf 86' lang='lat' dir='ltr'>de</span> <span class='ocrx_word' id='word_1_13' title='bbox 541 1897 665 1965; x_wconf 89' lang='lat' dir='ltr'>ratione</span> <span class='ocrx_word' id='word_1_14' title='bbox 683 1899 853 1966; x_wconf 91' lang='lat' dir='ltr'>verborum</span> <span class='ocrx_word' id='word_1_15' title='bbox 870 1897 1111 1966; x_wconf 90' lang='lat' dir='ltr'>scribendorum</span> <span class='ocrx_word' id='word_1_16' title='bbox 1130 1898 1208 1985; x_wconf 89' lang='lat' dir='ltr'>quid</span> <span class='ocrx_word' id='word_1_17' title='bbox 1228 1898 1403 1967; x_wconf 84' lang='lat' dir='ltr'><strong>sentiamus</strong></span> 
     </span>
     <span class='ocr_line' id='line_1_6' title="bbox 128 2005 1139 2092; baseline -0.004 -19"><span class='ocrx_word' id='word_1_18' title='bbox 128 2005 350 2092; x_wconf 85' lang='lat' dir='ltr'>exponendum</span> <span class='ocrx_word' id='word_1_19' title='bbox 364 2025 431 2072; x_wconf 88' lang='lat' dir='ltr'>esse</span> <span class='ocrx_word' id='word_1_20' title='bbox 446 2005 583 2071; x_wconf 87' lang='lat' dir='ltr'>videtur.</span> <span class='ocrx_word' id='word_1_21' title='bbox 1136 2072 1139 2079; x_wconf 75' lang='grc'><strong>,</strong></span> 
     </span>
    </p>

    <p class='ocr_par' dir='ltr' id='par_1_5' title="bbox 127 2110 1407 4440">
     <span class='ocr_line' id='line_1_7' title="bbox 172 2110 1400 2194; baseline -0.002 -14"><span class='ocrx_word' id='word_1_22' title='bbox 172 2113 211 2180; x_wconf 84' lang='grc' dir='ltr'>Α.</span> <span class='ocrx_word' id='word_1_23' title='bbox 228 2148 274 2162; x_wconf 95' lang='grc'>-</span> <span class='ocrx_word' id='word_1_24' title='bbox 288 2114 419 2182; x_wconf 77' lang='lat' dir='ltr'>Vocncrs</span> <span class='ocrx_word' id='word_1_25' title='bbox 438 2133 462 2179; x_wconf 83' lang='lat' dir='ltr'>u</span> <span class='ocrx_word' id='word_1_26' title='bbox 482 2134 537 2180; x_wconf 82' lang='lat' dir='ltr'>rso</span> <span class='ocrx_word' id='word_1_27' title='bbox 553 2110 575 2178; x_wconf 84' lang='lat' dir='ltr'>i.</span> <span class='ocrx_word' id='word_1_28' title='bbox 590 2149 636 2162; x_wconf 91' lang='lat'>—</span> <span class='ocrx_word' id='word_1_29' title='bbox 651 2113 824 2180; x_wconf 80' lang='lat' dir='ltr'>Sallustius</span> <span class='ocrx_word' id='word_1_30' title='bbox 839 2114 957 2180; x_wconf 85' lang='lat' dir='ltr'>formas</span> <span class='ocrx_word' id='word_1_31' title='bbox 979 2110 1081 2194; x_wconf 81' lang='lat' dir='ltr'>lubet,</span> <span class='ocrx_word' id='word_1_32' title='bbox 1107 2111 1234 2193; x_wconf 82' lang='lat' dir='ltr'>lubido,</span> <span class='ocrx_word' id='word_1_33' title='bbox 1250 2122 1400 2193; x_wconf 76' lang='lat' dir='ltr'>aestumo,</span> 
     </span>
     <span class='ocr_line' id='line_1_8' title="bbox 129 2218 1404 2308; baseline 0 -22"><span class='ocrx_word' id='word_1_34' title='bbox 129 2219 304 2303; x_wconf 78' lang='lat' dir='ltr'>eristtcmo,</span> <span class='ocrx_word' id='word_1_35' title='bbox 322 2218 492 2300; x_wconf 77' lang='lat' dir='ltr'>lacrumae,</span> <span class='ocrx_word' id='word_1_36' title='bbox 513 2219 703 2308; x_wconf 75' lang='lat' dir='ltr'>lepitumus,</span> <span class='ocrx_word' id='word_1_37' title='bbox 721 2220 753 2286; x_wconf 90' lang='lat' dir='ltr'>iu</span> <span class='ocrx_word' id='word_1_38' title='bbox 769 2221 887 2308; x_wconf 90' lang='lat' dir='ltr'>quibus</span> <span class='ocrx_word' id='word_1_39' title='bbox 900 2219 914 2286; x_wconf 81' lang='lat' dir='ltr'>i</span> <span class='ocrx_word' id='word_1_40' title='bbox 927 2220 1035 2286; x_wconf 88' lang='lat' dir='ltr'>littera</span> <span class='ocrx_word' id='word_1_41' title='bbox 1047 2239 1104 2306; x_wconf 89' lang='lat' dir='ltr'>pro</span> <span class='ocrx_word' id='word_1_42' title='bbox 1128 2240 1151 2284; x_wconf 84' lang='lat' dir='ltr'>u</span> <span class='ocrx_word' id='word_1_43' title='bbox 1165 2230 1272 2306; x_wconf 88' lang='lat' dir='ltr'>postea</span> <span class='ocrx_word' id='word_1_44' title='bbox 1287 2220 1355 2286; x_wconf 88' lang='lat' dir='ltr'>sola</span> <span class='ocrx_word' id='word_1_45' title='bbox 1371 2219 1404 2286; x_wconf 91' lang='lat' dir='ltr'>iu</span> 
     </span>
     <span class='ocr_line' id='line_1_9' title="bbox 130 2325 1404 2414; baseline -0.002 -20"><span class='ocrx_word' id='word_1_46' title='bbox 130 2348 190 2394; x_wconf 82' lang='lat' dir='ltr'>usu</span> <span class='ocrx_word' id='word_1_47' title='bbox 210 2327 283 2405; x_wconf 83' lang='lat' dir='ltr'>luit,</span> <span class='ocrx_word' id='word_1_48' title='bbox 301 2326 555 2414; x_wconf 70' lang='lat' dir='ltr'>frequentissime</span> <span class='ocrx_word' id='word_1_49' title='bbox 572 2326 713 2406; x_wconf 81' lang='lat' dir='ltr'>adhibet,</span> <span class='ocrx_word' id='word_1_50' title='bbox 730 2345 787 2393; x_wconf 89' lang='lat' dir='ltr'>nec</span> <span class='ocrx_word' id='word_1_51' title='bbox 807 2347 949 2414; x_wconf 86' lang='lat' dir='ltr'>unquam</span> <span class='ocrx_word' id='word_1_52' title='bbox 965 2328 1074 2393; x_wconf 89' lang='lat' dir='ltr'>formis</span> <span class='ocrx_word' id='word_1_53' title='bbox 1091 2346 1147 2412; x_wconf 90' lang='lat' dir='ltr'>per</span> <span class='ocrx_word' id='word_1_54' title='bbox 1166 2325 1181 2391; x_wconf 74' lang='lat' dir='ltr'>v·</span> <span class='ocrx_word' id='word_1_55' title='bbox 1198 2327 1324 2412; x_wconf 89' lang='lat' dir='ltr'>scriptis</span> <span class='ocrx_word' id='word_1_56' title='bbox 1338 2326 1404 2392; x_wconf 91' lang='lat' dir='ltr'>uti-</span> 
     </span>
     <span class='ocr_line' id='line_1_10' title="bbox 128 2432 1403 2520; baseline -0.001 -20"><span class='ocrx_word' id='word_1_57' title='bbox 128 2445 193 2501; x_wconf 85' lang='lat' dir='ltr'><strong>tur.</strong></span> <span class='ocrx_word' id='word_1_58' title='bbox 215 2433 371 2500; x_wconf 83' lang='lat' dir='ltr'>Similiter</span> <span class='ocrx_word' id='word_1_59' title='bbox 387 2433 419 2499; x_wconf 92' lang='lat' dir='ltr'>in</span> <span class='ocrx_word' id='word_1_60' title='bbox 434 2434 621 2518; x_wconf 80' lang='lat' dir='ltr'>superlativi</span> <span class='ocrx_word' id='word_1_61' title='bbox 640 2433 750 2500; x_wconf 90' lang='lat' dir='ltr'>formis</span> <span class='ocrx_word' id='word_1_62' title='bbox 767 2434 799 2500; x_wconf 92' lang='lat' dir='ltr'>in</span> <span class='ocrx_word' id='word_1_63' title='bbox 818 2455 916 2500; x_wconf 81' lang='lat' dir='ltr'>umus</span> <span class='ocrx_word' id='word_1_64' title='bbox 933 2435 1123 2500; x_wconf 84' lang='lat' dir='ltr'>exeuntibus</span> <span class='ocrx_word' id='word_1_65' title='bbox 1138 2453 1300 2520; x_wconf 79' lang='lat' dir='ltr'>sempera</span> <span class='ocrx_word' id='word_1_66' title='bbox 1317 2432 1403 2499; x_wconf 91' lang='lat' dir='ltr'>litte-</span> 
     </span>
     <span class='ocr_line' id='line_1_11' title="bbox 128 2540 1405 2626; baseline -0.002 -19"><span class='ocrx_word' id='word_1_67' title='bbox 128 2561 198 2607; x_wconf 86' lang='lat' dir='ltr'>ram</span> <span class='ocrx_word' id='word_1_68' title='bbox 218 2549 364 2626; x_wconf 85' lang='lat' dir='ltr'>usurpat.</span> <span class='ocrx_word' id='word_1_69' title='bbox 382 2540 581 2619; x_wconf 88' lang='lat' dir='ltr'>Gerlachius,</span> <span class='ocrx_word' id='word_1_70' title='bbox 600 2541 650 2607; x_wconf 94' lang='lat' dir='ltr'>cui</span> <span class='ocrx_word' id='word_1_71' title='bbox 672 2540 844 2607; x_wconf 73' lang='lat' dir='ltr'>assentitur</span> <span class='ocrx_word' id='word_1_72' title='bbox 857 2540 1029 2607; x_wconf 88' lang='lat' dir='ltr'>Paldamus</span> <span class='ocrx_word' id='word_1_73' title='bbox 1043 2541 1080 2626; x_wconf 89' lang='lat' dir='ltr'>(l.</span> <span class='ocrx_word' id='word_1_74' title='bbox 1100 2541 1121 2606; x_wconf 94' lang='lat' dir='ltr'>l.</span> <span class='ocrx_word' id='word_1_75' title='bbox 1136 2559 1167 2626; x_wconf 93' lang='lat' dir='ltr'>p.</span> <span class='ocrx_word' id='word_1_76' title='bbox 1186 2541 1255 2626; x_wconf 73' lang='lat'>22),</span> <span class='ocrx_word' id='word_1_77' title='bbox 1275 2549 1405 2626; x_wconf 89' lang='lat' dir='ltr'>propter</span> 
     </span>
     <span class='ocr_line' id='line_1_12' title="bbox 128 2646 1403 2736; baseline -0.001 -23"><span class='ocrx_word' id='word_1_78' title='bbox 128 2646 302 2736; x_wconf 88' lang='lat' dir='ltr'>quamdam</span> <span class='ocrx_word' id='word_1_79' title='bbox 317 2647 385 2712; x_wconf 92' lang='lat' dir='ltr'>soni</span> <span class='ocrx_word' id='word_1_80' title='bbox 405 2647 594 2733; x_wconf 81' lang='lat' dir='ltr'>gravitatem</span> <span class='ocrx_word' id='word_1_81' title='bbox 610 2647 749 2714; x_wconf 85' lang='lat' dir='ltr'>litteram</span> <span class='ocrx_word' id='word_1_82' title='bbox 767 2669 791 2713; x_wconf 82' lang='lat' dir='ltr'>u</span> <span class='ocrx_word' id='word_1_83' title='bbox 806 2669 824 2713; x_wconf 92' lang='lat' dir='ltr'>a</span> <span class='ocrx_word' id='word_1_84' title='bbox 840 2648 994 2714; x_wconf 87' lang='lat' dir='ltr'>Sallustio</span> <span class='ocrx_word' id='word_1_85' title='bbox 1007 2647 1218 2733; x_wconf 86' lang='lat' dir='ltr'>antepositam</span> <span class='ocrx_word' id='word_1_86' title='bbox 1234 2647 1331 2713; x_wconf 90' lang='lat' dir='ltr'>luisse</span> <span class='ocrx_word' id='word_1_87' title='bbox 1349 2667 1403 2733; x_wconf 93' lang='lat' dir='ltr'>pu·</span> 
     </span>
     <span class='ocr_line' id='line_1_13' title="bbox 128 2753 1404 2841; baseline -0.002 -20"><span class='ocrx_word' id='word_1_88' title='bbox 128 2763 186 2821; x_wconf 89' lang='lat' dir='ltr'>tat.</span> <span class='ocrx_word' id='word_1_89' title='bbox 208 2753 299 2834; x_wconf 86' lang='lat' dir='ltr'>Quod</span> <span class='ocrx_word' id='word_1_90' title='bbox 324 2753 455 2841; x_wconf 91' lang='lat' dir='ltr'>quidem</span> <span class='ocrx_word' id='word_1_91' title='bbox 477 2774 533 2840; x_wconf 89' lang='lat' dir='ltr'>pro</span> <span class='ocrx_word' id='word_1_92' title='bbox 551 2774 625 2820; x_wconf 89' lang='lat' dir='ltr'>vcro</span> <span class='ocrx_word' id='word_1_93' title='bbox 645 2754 746 2841; x_wconf 89' lang='lat' dir='ltr'>accipi</span> <span class='ocrx_word' id='word_1_94' title='bbox 769 2764 894 2839; x_wconf 89' lang='lat' dir='ltr'>potest:</span> <span class='ocrx_word' id='word_1_95' title='bbox 921 2754 1099 2820; x_wconf 88' lang='lat' dir='ltr'>notandum</span> <span class='ocrx_word' id='word_1_96' title='bbox 1119 2765 1223 2820; x_wconf 88' lang='lat' dir='ltr'>tamen</span> <span class='ocrx_word' id='word_1_97' title='bbox 1250 2762 1297 2819; x_wconf 88' lang='lat' dir='ltr'>est</span> <span class='ocrx_word' id='word_1_98' title='bbox 1320 2753 1404 2819; x_wconf 92' lang='lat' dir='ltr'>bunc</span> 
     </span>
     <span class='ocr_line' id='line_1_14' title="bbox 128 2860 1404 2947; baseline -0.002 -21"><span class='ocrx_word' id='word_1_99' title='bbox 128 2880 221 2926; x_wconf 94' lang='lat' dir='ltr'>usum</span> <span class='ocrx_word' id='word_1_100' title='bbox 249 2862 339 2928; x_wconf 92' lang='lat' dir='ltr'>nullo</span> <span class='ocrx_word' id='word_1_101' title='bbox 363 2861 456 2927; x_wconf 93' lang='lat' dir='ltr'>modo</span> <span class='ocrx_word' id='word_1_102' title='bbox 486 2881 542 2947; x_wconf 89' lang='lat' dir='ltr'>pro</span> <span class='ocrx_word' id='word_1_103' title='bbox 563 2861 740 2927; x_wconf 78' lang='lat' dir='ltr'>archarismo</span> <span class='ocrx_word' id='word_1_104' title='bbox 767 2860 950 2928; x_wconf 89' lang='lat' dir='ltr'>habendum</span> <span class='ocrx_word' id='word_1_105' title='bbox 977 2881 1056 2939; x_wconf 83' lang='lat' dir='ltr'>esse,</span> <span class='ocrx_word' id='word_1_106' title='bbox 1086 2868 1120 2926; x_wconf 93' lang='lat' dir='ltr'>ut</span> <span class='ocrx_word' id='word_1_107' title='bbox 1150 2860 1269 2946; x_wconf 88' lang='lat' dir='ltr'>optime</span> <span class='ocrx_word' id='word_1_108' title='bbox 1298 2860 1404 2925; x_wconf 91' lang='lat' dir='ltr'>docuit</span> 
     </span>
     <span class='ocr_line' id='line_1_15' title="bbox 130 2966 1405 3054; baseline -0.003 -20"><span class='ocrx_word' id='word_1_109' title='bbox 130 2967 331 3045; x_wconf 89' lang='lat' dir='ltr'>Schultzius,</span> <span class='ocrx_word' id='word_1_110' title='bbox 363 2987 400 3032; x_wconf 83' lang='lat' dir='ltr'>ex</span> <span class='ocrx_word' id='word_1_111' title='bbox 438 2967 640 3053; x_wconf 86' lang='lat' dir='ltr'>sagacissima</span> <span class='ocrx_word' id='word_1_112' title='bbox 673 2968 831 3036; x_wconf 86' lang='lat' dir='ltr'>Corssenii</span> <span class='ocrx_word' id='word_1_113' title='bbox 870 2967 1122 3054; x_wconf 88' lang='lat' dir='ltr'>disputatione¹‚</span> <span class='ocrx_word' id='word_1_114' title='bbox 1162 2986 1262 3052; x_wconf 87' lang='lat' dir='ltr'>quum</span> <span class='ocrx_word' id='word_1_115' title='bbox 1293 2966 1405 3032; x_wconf 84' lang='lat' dir='ltr'>Velius</span> 
     </span>
     <span class='ocr_line' id='line_1_16' title="bbox 127 3072 1403 3162; baseline -0.003 -21"><span class='ocrx_word' id='word_1_116' title='bbox 127 3075 254 3162; x_wconf 83' lang='lat' dir='ltr'>Longos</span> <span class='ocrx_word' id='word_1_117' title='bbox 266 3073 318 3160; x_wconf 88' lang='lat' dir='ltr'>(de</span> <span class='ocrx_word' id='word_1_118' title='bbox 331 3073 479 3161; x_wconf 83' lang='lat' dir='ltr'>Ortbogr.</span> <span class='ocrx_word' id='word_1_119' title='bbox 496 3094 526 3160; x_wconf 92' lang='lat' dir='ltr'>p.</span> <span class='ocrx_word' id='word_1_120' title='bbox 541 3075 641 3160; x_wconf 73' lang='lat'>2235)</span> <span class='ocrx_word' id='word_1_121' title='bbox 663 3075 696 3140; x_wconf 90' lang='lat' dir='ltr'>in</span> <span class='ocrx_word' id='word_1_122' title='bbox 713 3074 849 3160; x_wconf 82' lang='lat' dir='ltr'>Augusti</span> <span class='ocrx_word' id='word_1_123' title='bbox 871 3075 1022 3160; x_wconf 89' lang='lat' dir='ltr'>temporis</span> <span class='ocrx_word' id='word_1_124' title='bbox 1052 3072 1315 3159; x_wconf 86' lang='lat' dir='ltr'>inscriptionibus</span> <span class='ocrx_word' id='word_1_125' title='bbox 1344 3072 1403 3137; x_wconf 92' lang='lat' dir='ltr'>ite-</span> 
     </span>
     <span class='ocr_line' id='line_1_17' title="bbox 128 3179 1405 3268; baseline -0.002 -22"><span class='ocrx_word' id='word_1_126' title='bbox 128 3201 200 3248; x_wconf 92' lang='lat' dir='ltr'>rum</span> <span class='ocrx_word' id='word_1_127' title='bbox 219 3202 242 3246; x_wconf 83' lang='lat' dir='ltr'>rc</span> <span class='ocrx_word' id='word_1_128' title='bbox 257 3181 289 3247; x_wconf 89' lang='lat' dir='ltr'>in</span> <span class='ocrx_word' id='word_1_129' title='bbox 305 3181 460 3268; x_wconf 86' lang='lat' dir='ltr'>ejusmodi</span> <span class='ocrx_word' id='word_1_130' title='bbox 481 3181 585 3247; x_wconf 88' lang='lat' dir='ltr'>verbis</span> <span class='ocrx_word' id='word_1_131' title='bbox 600 3182 753 3266; x_wconf 88' lang='lat' dir='ltr'>scriptum</span> <span class='ocrx_word' id='word_1_132' title='bbox 768 3181 867 3247; x_wconf 88' lang='lat' dir='ltr'>luisse</span> <span class='ocrx_word' id='word_1_133' title='bbox 888 3181 1037 3255; x_wconf 82' lang='lat' dir='ltr'>affirmet,</span> <span class='ocrx_word' id='word_1_134' title='bbox 1060 3191 1154 3267; x_wconf 87' lang='lat' dir='ltr'>atque</span> <span class='ocrx_word' id='word_1_135' title='bbox 1167 3200 1205 3246; x_wconf 82' lang='lat' dir='ltr'>ex</span> <span class='ocrx_word' id='word_1_136' title='bbox 1221 3179 1405 3266; x_wconf 82' lang='lat' dir='ltr'>grammati·</span> 
     </span>
     <span class='ocr_line' id='line_1_18' title="bbox 128 3285 1403 3374; baseline -0.004 -19"><span class='ocrx_word' id='word_1_137' title='bbox 128 3307 237 3355; x_wconf 91' lang='lat' dir='ltr'>corum</span> <span class='ocrx_word' id='word_1_138' title='bbox 269 3307 423 3354; x_wconf 88' lang='lat' dir='ltr'>consensu</span> <span class='ocrx_word' id='word_1_139' title='bbox 454 3288 610 3354; x_wconf 78' lang='lat' dir='ltr'>Caesarem</span> <span class='ocrx_word' id='word_1_140' title='bbox 631 3288 880 3374; x_wconf 80' lang='lat' dir='ltr'>Ciceronemque</span> <span class='ocrx_word' id='word_1_141' title='bbox 902 3288 999 3354; x_wconf 90' lang='lat' dir='ltr'>verba</span> <span class='ocrx_word' id='word_1_142' title='bbox 1029 3287 1086 3352; x_wconf 90' lang='lat' dir='ltr'>illa</span> <span class='ocrx_word' id='word_1_143' title='bbox 1102 3306 1158 3373; x_wconf 88' lang='lat' dir='ltr'>per</span> <span class='ocrx_word' id='word_1_144' title='bbox 1190 3285 1204 3350; x_wconf 74' lang='grc' dir='ltr'><strong><em>ἑ</em></strong></span> <span class='ocrx_word' id='word_1_145' title='bbox 1234 3286 1403 3351; x_wconf 87' lang='lat' dir='ltr'>enuntiare</span> 
     </span>
     <span class='ocr_line' id='line_1_19' title="bbox 130 3392 1404 3481; baseline -0.003 -21"><span class='ocrx_word' id='word_1_146' title='bbox 130 3403 161 3460; x_wconf 90' lang='lat' dir='ltr'>et</span> <span class='ocrx_word' id='word_1_147' title='bbox 176 3394 314 3461; x_wconf 89' lang='lat' dir='ltr'>scribere</span> <span class='ocrx_word' id='word_1_148' title='bbox 329 3394 438 3460; x_wconf 93' lang='lat' dir='ltr'>solitos</span> <span class='ocrx_word' id='word_1_149' title='bbox 451 3403 660 3460; x_wconf 89' lang='lat' dir='ltr'>esseconstet.</span> <span class='ocrx_word' id='word_1_150' title='bbox 674 3392 765 3474; x_wconf 85' lang='lat' dir='ltr'>Quod</span> <span class='ocrx_word' id='word_1_151' title='bbox 781 3394 820 3460; x_wconf 98' lang='grc' dir='ltr'><em>ἃᾶ</em></span> <span class='ocrx_word' id='word_1_152' title='bbox 832 3409 925 3461; x_wconf 90' lang='lat' dir='ltr'>usum</span> <span class='ocrx_word' id='word_1_153' title='bbox 937 3393 1122 3481; x_wconf 87' lang='lat' dir='ltr'>superlativi</span> <span class='ocrx_word' id='word_1_154' title='bbox 1134 3393 1243 3458; x_wconf 85' lang='lat' dir='ltr'>formae</span> <span class='ocrx_word' id='word_1_155' title='bbox 1257 3392 1289 3456; x_wconf 91' lang='lat' dir='ltr'>in</span> <span class='ocrx_word' id='word_1_156' title='bbox 1306 3412 1404 3457; x_wconf 82' lang='lat' dir='ltr'>umus</span> 
     </span>
     <span class='ocr_line' id='line_1_20' title="bbox 128 3498 1403 3587; baseline -0.002 -22"><span class='ocrx_word' id='word_1_157' title='bbox 128 3502 272 3566; x_wconf 85' lang='lat' dir='ltr'>excuntis</span> <span class='ocrx_word' id='word_1_158' title='bbox 302 3501 451 3587; x_wconf 87' lang='lat' dir='ltr'>pertinet,</span> <span class='ocrx_word' id='word_1_159' title='bbox 473 3521 544 3567; x_wconf 90' lang='lat' dir='ltr'>eam</span> <span class='ocrx_word' id='word_1_160' title='bbox 568 3501 769 3581; x_wconf 90' lang='lat' dir='ltr'>Gerlacbius,</span> <span class='ocrx_word' id='word_1_161' title='bbox 799 3501 940 3569; x_wconf 88' lang='lat' dir='ltr'>Kritzius</span> <span class='ocrx_word' id='word_1_162' title='bbox 955 3499 979 3578; x_wconf 82' lang='lat'>²,</span> <span class='ocrx_word' id='word_1_163' title='bbox 1006 3499 1187 3566; x_wconf 89' lang='lat' dir='ltr'>Dietsehius</span> <span class='ocrx_word' id='word_1_164' title='bbox 1216 3498 1248 3564; x_wconf 89' lang='lat' dir='ltr'>in</span> <span class='ocrx_word' id='word_1_165' title='bbox 1278 3498 1403 3563; x_wconf 86' lang='lat' dir='ltr'>archois</span> 
     </span>
     <span class='ocr_line' id='line_1_21' title="bbox 128 3604 1404 3694; baseline -0.003 -21"><span class='ocrx_word' id='word_1_166' title='bbox 128 3628 254 3674; x_wconf 93' lang='lat' dir='ltr'>morum</span> <span class='ocrx_word' id='word_1_167' title='bbox 273 3627 420 3686; x_wconf 85' lang='lat' dir='ltr'>numero,</span> <span class='ocrx_word' id='word_1_168' title='bbox 441 3608 523 3674; x_wconf 90' lang='lat' dir='ltr'>sicut</span> <span class='ocrx_word' id='word_1_169' title='bbox 550 3618 581 3675; x_wconf 88' lang='lat' dir='ltr'>et</span> <span class='ocrx_word' id='word_1_170' title='bbox 606 3618 711 3675; x_wconf 90' lang='lat' dir='ltr'>cetera</span> <span class='ocrx_word' id='word_1_171' title='bbox 739 3628 837 3694; x_wconf 86' lang='lat' dir='ltr'>supra</span> <span class='ocrx_word' id='word_1_172' title='bbox 862 3607 991 3673; x_wconf 83' lang='lat' dir='ltr'>laudata</span> <span class='ocrx_word' id='word_1_173' title='bbox 1011 3607 1119 3684; x_wconf 89' lang='lat' dir='ltr'>verba,</span> <span class='ocrx_word' id='word_1_174' title='bbox 1143 3604 1322 3671; x_wconf 86' lang='lat' dir='ltr'>habendam</span> <span class='ocrx_word' id='word_1_175' title='bbox 1337 3624 1404 3670; x_wconf 89' lang='lat' dir='ltr'>esse</span> 
     </span>
     <span class='ocr_line' id='line_1_22' title="bbox 128 3711 1403 3799; baseline -0.005 -19"><span class='ocrx_word' id='word_1_176' title='bbox 128 3724 276 3794; x_wconf 83' lang='lat' dir='ltr'>censent3</span> <span class='ocrx_word' id='word_1_177' title='bbox 299 3715 393 3780; x_wconf 87' lang='lat' dir='ltr'>Fabri</span> <span class='ocrx_word' id='word_1_178' title='bbox 411 3725 529 3791; x_wconf 86' lang='lat' dir='ltr'>autem,</span> <span class='ocrx_word' id='word_1_179' title='bbox 547 3714 587 3780; x_wconf 94' lang='grc' dir='ltr'><em>ἃᾶ</em></span> <span class='ocrx_word' id='word_1_180' title='bbox 601 3715 668 3781; x_wconf 86' lang='lat' dir='ltr'>Cat.</span> <span class='ocrx_word' id='word_1_181' title='bbox 689 3716 720 3790; x_wconf 89' lang='lat' dir='ltr'>l,</span> <span class='ocrx_word' id='word_1_182' title='bbox 739 3715 770 3792; x_wconf 90' lang='lat' dir='ltr'>l,</span> <span class='ocrx_word' id='word_1_183' title='bbox 789 3714 870 3780; x_wconf 86' lang='lat' dir='ltr'>hunc</span> <span class='ocrx_word' id='word_1_184' title='bbox 895 3713 1082 3799; x_wconf 78' lang='lat' dir='ltr'>superlativi</span> <span class='ocrx_word' id='word_1_185' title='bbox 1099 3714 1233 3778; x_wconf 88' lang='lat' dir='ltr'>lormam</span> <span class='ocrx_word' id='word_1_186' title='bbox 1254 3711 1403 3776; x_wconf 86' lang='lat' dir='ltr'>usitatam</span> 
     </span>
     <span class='ocr_line' id='line_1_23' title="bbox 128 3820 1401 3906; baseline -0.005 -20"><span class='ocrx_word' id='word_1_187' title='bbox 128 3821 226 3886; x_wconf 87' lang='lat' dir='ltr'>foisse</span> <span class='ocrx_word' id='word_1_188' title='bbox 243 3821 386 3887; x_wconf 89' lang='lat' dir='ltr'>Sallustii</span> <span class='ocrx_word' id='word_1_189' title='bbox 404 3830 495 3886; x_wconf 86' lang='lat' dir='ltr'>aetate</span> <span class='ocrx_word' id='word_1_190' title='bbox 520 3831 602 3886; x_wconf 90' lang='lat' dir='ltr'>recte</span> <span class='ocrx_word' id='word_1_191' title='bbox 628 3820 804 3899; x_wconf 88' lang='lat' dir='ltr'>contendit,</span> <span class='ocrx_word' id='word_1_192' title='bbox 827 3840 926 3906; x_wconf 88' lang='lat' dir='ltr'>quum</span> <span class='ocrx_word' id='word_1_193' title='bbox 944 3833 1048 3885; x_wconf 89' lang='lat' dir='ltr'>tamen</span> <span class='ocrx_word' id='word_1_194' title='bbox 1064 3820 1182 3885; x_wconf 88' lang='lat' dir='ltr'>formas</span> <span class='ocrx_word' id='word_1_195' title='bbox 1202 3827 1237 3883; x_wconf 95' lang='lat' dir='ltr'>ut</span> <span class='ocrx_word' id='word_1_196' title='bbox 1250 3826 1401 3894; x_wconf 76' lang='lat' dir='ltr'>costuma,</span> 
     </span>
     <span class='ocr_line' id='line_1_24' title="bbox 128 3924 1401 4019; baseline -0.004 -27"><span class='ocrx_word' id='word_1_197' title='bbox 128 3925 297 4005; x_wconf 69' lang='lat' dir='ltr'>lacrumae,</span> <span class='ocrx_word' id='word_1_198' title='bbox 314 3938 389 4008; x_wconf 82' lang='lat' dir='ltr'>cet,</span> <span class='ocrx_word' id='word_1_199' title='bbox 408 3929 599 3994; x_wconf 79' lang='lat' dir='ltr'>archaismos</span> <span class='ocrx_word' id='word_1_200' title='bbox 616 3948 683 3994; x_wconf 89' lang='lat' dir='ltr'>csse</span> <span class='ocrx_word' id='word_1_201' title='bbox 699 3936 798 4013; x_wconf 86' lang='lat' dir='ltr'>putet.</span> <span class='ocrx_word' id='word_1_202' title='bbox 816 3929 880 4014; x_wconf 83' lang='lat' dir='ltr'>Ego</span> <span class='ocrx_word' id='word_1_203' title='bbox 900 3947 985 4019; x_wconf 84' lang='lat' dir='ltr'>vero,</span> <span class='ocrx_word' id='word_1_204' title='bbox 1004 3924 1196 3992; x_wconf 88' lang='lat' dir='ltr'>Schneidero</span> <span class='ocrx_word' id='word_1_205' title='bbox 1213 3924 1401 4003; x_wconf 84' lang='lat' dir='ltr'>(Grammat.</span> 
     </span>
     <span class='ocr_line' id='line_1_25' title="bbox 129 4029 1403 4121; baseline -0.003 -23"><span class='ocrx_word' id='word_1_206' title='bbox 129 4033 186 4099; x_wconf 85' lang='lat' dir='ltr'>lat.</span> <span class='ocrx_word' id='word_1_207' title='bbox 210 4034 286 4121; x_wconf 81' lang='lat' dir='ltr'>ling.</span> <span class='ocrx_word' id='word_1_208' title='bbox 305 4055 336 4120; x_wconf 87' lang='lat' dir='ltr'>p.</span> <span class='ocrx_word' id='word_1_209' title='bbox 349 4034 419 4120; x_wconf 88' lang='lat' dir='ltr'>l8‚)</span> <span class='ocrx_word' id='word_1_210' title='bbox 438 4035 649 4101; x_wconf 81' lang='lat' dir='ltr'>acCorssenio</span> <span class='ocrx_word' id='word_1_211' title='bbox 663 4035 859 4113; x_wconf 86' lang='lat' dir='ltr'>auctoribus,</span> <span class='ocrx_word' id='word_1_212' title='bbox 876 4034 1012 4099; x_wconf 89' lang='lat' dir='ltr'>libenter</span> <span class='ocrx_word' id='word_1_213' title='bbox 1025 4052 1135 4098; x_wconf 89' lang='lat' dir='ltr'>censeo</span> <span class='ocrx_word' id='word_1_214' title='bbox 1152 4029 1295 4097; x_wconf 88' lang='lat' dir='ltr'>Sallustii</span> <span class='ocrx_word' id='word_1_215' title='bbox 1312 4039 1403 4095; x_wconf 79' lang='lat' dir='ltr'>mtate</span> 
     </span>
     <span class='ocr_line' id='line_1_26' title="bbox 128 4136 1404 4222; baseline -0.005 -16"><span class='ocrx_word' id='word_1_216' title='bbox 128 4139 253 4206; x_wconf 69' lang='lat' dir='ltr'>&lt;estimo</span> <span class='ocrx_word' id='word_1_217' title='bbox 277 4150 466 4222; x_wconf 76' lang='lat' dir='ltr'>etaestumo,</span> <span class='ocrx_word' id='word_1_218' title='bbox 492 4140 687 4208; x_wconf 79' lang='lat' dir='ltr'>rcooc‘ssimrcs</span> <span class='ocrx_word' id='word_1_219' title='bbox 706 4152 736 4208; x_wconf 91' lang='lat' dir='ltr'>et</span> <span class='ocrx_word' id='word_1_220' title='bbox 755 4140 974 4220; x_wconf 71' lang='lat' dir='ltr'>reperissemus,</span> <span class='ocrx_word' id='word_1_221' title='bbox 994 4140 1062 4205; x_wconf 91' lang='lat' dir='ltr'>sine</span> <span class='ocrx_word' id='word_1_222' title='bbox 1082 4137 1265 4205; x_wconf 85' lang='lat' dir='ltr'>discrimine</span> <span class='ocrx_word' id='word_1_223' title='bbox 1286 4136 1404 4222; x_wconf 89' lang='lat' dir='ltr'>scripta</span> 
     </span>
     <span class='ocr_line' id='line_1_27' title="bbox 130 4244 1404 4337; baseline -0.004 -25"><span class='ocrx_word' id='word_1_224' title='bbox 130 4247 247 4327; x_wconf 86' lang='lat' dir='ltr'>luisse;</span> <span class='ocrx_word' id='word_1_225' title='bbox 264 4248 348 4332; x_wconf 88' lang='lat' dir='ltr'>quod</span> <span class='ocrx_word' id='word_1_226' title='bbox 364 4258 470 4314; x_wconf 89' lang='lat' dir='ltr'>autem</span> <span class='ocrx_word' id='word_1_227' title='bbox 481 4249 520 4314; x_wconf 90' lang='lat' dir='ltr'>ad</span> <span class='ocrx_word' id='word_1_228' title='bbox 531 4269 643 4316; x_wconf 90' lang='lat' dir='ltr'>sonum</span> <span class='ocrx_word' id='word_1_229' title='bbox 659 4249 828 4337; x_wconf 88' lang='lat' dir='ltr'>pertineat,</span> <span class='ocrx_word' id='word_1_230' title='bbox 847 4248 961 4314; x_wconf 87' lang='lat' dir='ltr'>litterae</span> <span class='ocrx_word' id='word_1_231' title='bbox 975 4269 997 4312; x_wconf 83' lang='lat' dir='ltr'>u</span> <span class='ocrx_word' id='word_1_232' title='bbox 1012 4248 1139 4334; x_wconf 84' lang='lat' dir='ltr'>plenam</span> <span class='ocrx_word' id='word_1_233' title='bbox 1153 4265 1187 4311; x_wconf 89' lang='lat' dir='ltr'>ac</span> <span class='ocrx_word' id='word_1_234' title='bbox 1198 4244 1404 4310; x_wconf 84' lang='lat' dir='ltr'>vernaculam</span> 
     </span>
     <span class='ocr_line' id='line_1_28' title="bbox 133 4347 1407 4440; baseline -0.005 -20"><span class='ocrx_word' id='word_1_235' title='bbox 133 4354 426 4440; x_wconf 87' lang='lat' dir='ltr'>pronuntiationem</span> <span class='ocrx_word' id='word_1_236' title='bbox 443 4348 565 4423; x_wconf 83' lang='lat' dir='ltr'>mature</span> <span class='ocrx_word' id='word_1_237' title='bbox 585 4356 799 4423; x_wconf 85' lang='lat' dir='ltr'>adulteratam</span> <span class='ocrx_word' id='word_1_238' title='bbox 819 4356 929 4434; x_wconf 86' lang='lat' dir='ltr'>fuisse,</span> <span class='ocrx_word' id='word_1_239' title='bbox 949 4365 979 4421; x_wconf 91' lang='lat' dir='ltr'>et</span> <span class='ocrx_word' id='word_1_240' title='bbox 1008 4352 1165 4440; x_wconf 88' lang='lat' dir='ltr'>paulatim</span> <span class='ocrx_word' id='word_1_241' title='bbox 1194 4351 1233 4416; x_wconf 84' lang='lat' dir='ltr'>ad</span> <span class='ocrx_word' id='word_1_242' title='bbox 1261 4347 1407 4416; x_wconf 84' lang='lat' dir='ltr'>sonuma&#39;</span> 
     </span>
    </p>
   </div>
   <div class='ocr_carea' id='block_1_5' title="bbox 117 4526 1404 4776">
    <p class='ocr_par' dir='ltr' id='par_1_6' title="bbox 117 4526 1404 4776">
     <span class='ocr_line' id='line_1_29' title="bbox 162 4526 1404 4615; baseline -0.004 -17"><span class='ocrx_word' id='word_1_243' title='bbox 162 4552 184 4598; x_wconf 90' lang='lat' dir='ltr'>l.</span> <span class='ocrx_word' id='word_1_244' title='bbox 207 4526 331 4598; x_wconf 73' lang='lat' dir='ltr'>Carmen.</span> <span class='ocrx_word' id='word_1_245' title='bbox 360 4549 447 4600; x_wconf 89' lang='lat' dir='ltr'>Ueber</span> <span class='ocrx_word' id='word_1_246' title='bbox 475 4551 652 4615; x_wconf 87' lang='lat' dir='ltr'>Aussprache,</span> <span class='ocrx_word' id='word_1_247' title='bbox 671 4549 834 4600; x_wconf 88' lang='lat' dir='ltr'>Vocalismus</span> <span class='ocrx_word' id='word_1_248' title='bbox 859 4548 911 4600; x_wconf 92' lang='lat' dir='ltr'>und</span> <span class='ocrx_word' id='word_1_249' title='bbox 938 4549 1076 4612; x_wconf 84' lang='lat' dir='ltr'>Betooung</span> <span class='ocrx_word' id='word_1_250' title='bbox 1103 4547 1150 4596; x_wconf 86' lang='lat' dir='ltr'>der</span> <span class='ocrx_word' id='word_1_251' title='bbox 1172 4547 1259 4596; x_wconf 78' lang='lat' dir='ltr'>latoio.</span> <span class='ocrx_word' id='word_1_252' title='bbox 1278 4545 1404 4609; x_wconf 87' lang='lat' dir='ltr'>Sprache,</span> 
     </span>
     <span class='ocr_line' id='line_1_30' title="bbox 117 4631 615 4776; baseline 0.002 -18"><span class='ocrx_word' id='word_1_253' title='bbox 117 4645 148 4706; x_wconf 62' lang='lat' dir='ltr'>&#39;p</span> <span class='ocrx_word' id='word_1_254' title='bbox 163 4631 311 4762; x_wconf 44' lang='lat' dir='ltr'>{albigae</span> <span class='ocrx_word' id='word_1_255' title='bbox 325 4709 358 4759; x_wconf 85' lang='lat' dir='ltr'>ad</span> <span class='ocrx_word' id='word_1_256' title='bbox 372 4709 446 4760; x_wconf 86' lang='lat' dir='ltr'>Catil.</span> <span class='ocrx_word' id='word_1_257' title='bbox 464 4726 490 4776; x_wconf 91' lang='lat' dir='ltr'>p.</span> <span class='ocrx_word' id='word_1_258' title='bbox 506 4725 551 4772; x_wconf 82' lang='lat' dir='ltr'>xvv,</span> <span class='ocrx_word' id='word_1_259' title='bbox 563 4725 615 4759; x_wconf 82' lang='lat' dir='ltr'>xnr.</span> 
     </span>
    </p>
   </div>
   <div class='ocr_carea' id='block_1_6' title="bbox 0 0 1664 5526">
    <p class='ocr_par' dir='ltr' id='par_1_7' title="bbox 0 0 1664 5526">
     <span class='ocr_line' id='line_1_31' title="bbox 0 0 1664 5526; baseline 0 0"><span class='ocrx_word' id='word_1_260' title='bbox 0 0 1664 5526; x_wconf 95' lang='lat' dir='ltr'> </span> 
     </span>
    </p>
   </div>
  </div>
 </body>
</html>
