3314 5526
911 380 1067 442 ...6.-

339 547 412 594 cum
427 529 517 594 allert
536 527 720 595 Priscianus
735 550 777 608 vr,
796 526 908 603 aaut
925 549 954 614 p.
974 529 1051 608 304,
1068 528 1119 593 44.
1137 531 1193 595 Kr.
1214 541 1343 616 propter
1358 531 1521 599 insolitam
1537 536 1612 619 plu-

339 635 416 700 ralis
436 635 571 700 sormam
590 633 638 700 vis
657 635 754 701 vocis.
776 634 928 702 Eamdem
948 636 1048 723 tangit
1067 635 1189 702 Probus
1204 637 1279 702 lust.
1297 639 1438 705 Gramm.
1459 660 1495 719 ιι,
1515 641 1545 719 4,
1569 643 1612 706 40

338 742 384 828 (p.
404 741 501 819 4464,
522 742 573 827 Ρ.)
598 743 797 809 (Lucretius
813 752 918 808 tumen
934 743 984 828 (ιι,
1001 743 1082 824 580;
1100 764 1148 820 ιιι,
1168 743 1245 828 300)
1263 762 1395 811 numero
1417 746 1536 831 plurali
1560 745 1612 813 baa

336 847 385 915 vis
404 858 435 914 et
453 847 513 914 lios
534 847 594 930 uis,
612 859 647 915 nt
662 849 703 915 sit
718 849 836 935 plurali
856 858 887 915 et
901 848 952 915 liar
970 848 1030 930 cis,
1047 847 1108 914 bas
1129 848 1190 930 uis,
1212 870 1230 915 o
1252 849 1313 930 vis,
1330 871 1421 917 casus
1436 853 1556 920 habeus
1579 854 1612 920 in

337 975 470 1025 numero
486 956 605 1041 plurali
622 964 696 1022 tres.
721 982 732 1015 ι
755 957 802 1024 04.
819 955 965 1022 eumdem
981 956 1058 1051 ibid.
1077 977 1112 1034 u,
1129 958 1160 1034 l,
1180 958 1221 1022 54
1239 957 1284 1043 (p.
1309 959 1394 1024 4476
1414 961 1466 1046 Ρ.)

382 1061 582 1129 Terminatio
597 1083 632 1129 os
644 1083 707 1151 pro
723 1083 759 1128 or
773 1063 889 1149 legitur
905 1086 912 1128 :
932 1063 1001 1129 Cat.
1019 1065 1071 1140 45,
1089 1065 1109 1129 5
1125 1062 1228 1142 colos;
1242 1065 1311 1131 Cat.
1330 1065 1385 1144 30,
1403 1066 1424 1132 8
1440 1076 1471 1132 et
1485 1068 1501 1133 J
1506 1087 1556 1151 ug.
1575 1068 1608 1145 3,

338 1171 352 1235 4
371 1168 490 1246 borram
512 1171 579 1237 Cat.
607 1171 662 1246 35,
684 1171 704 1236 5
729 1169 834 1258 lepos3
855 1173 926 1255 lug.
949 1172 1004 1251 44,
1027 1168 1157 1249 boilum
1179 1171 1247 1238 Cat.
1273 1172 1305 1250 7,
1329 1173 1362 1251 5,
1387 1174 1458 1258 lug.
1483 1174 1559 1253 400,
1577 1175 1609 1249 4,

278 1307 281 1313 ·
336 1277 416 1343 hist.
435 1298 470 1356 ιι,
491 1278 545 1360 50,
570 1279 584 1343 4
603 1288 634 1343 44
648 1299 694 1357 ιιι,
713 1278 769 1356 83,
790 1279 843 1356 48,
861 1275 953 1344 labos
968 1277 989 1343 ¹.
1007 1279 1074 1344 Non
1091 1276 1161 1344 ideo
1177 1287 1283 1344 tamen
1301 1279 1381 1345 illud
1398 1280 1550 1349 Sallustio
1566 1301 1612 1345 ar·

335 1383 476 1450 chalamo
496 1383 702 1450 tribuendum
718 1393 776 1462 est,
798 1405 897 1471 quum
914 1384 1171 1451 terminationem
1187 1406 1222 1450 os
1237 1386 1452 1471 antiquiorem
1469 1386 1501 1452 in
1520 1407 1610 1453 voca·

336 1490 420 1557 bulis
435 1490 628 1577 quibusdam
644 1491 683 1558 ab
700 1511 736 1558 eo
750 1491 826 1557 solis
842 1491 995 1559 adhibitis
1011 1493 1103 1580 juxta
1119 1494 1326 1559 recentiorem
1345 1513 1384 1558 or
1397 1513 1522 1580 semper
1541 1493 1611 1559 usi-

336 1605 434 1663 tatam
451 1597 549 1663 fuisse
563 1607 694 1665 constet.
722 1599 783 1686 (04.
802 1600 947 1666 Corssen.
963 1599 991 1665 l.
1020 1600 1042 1664 l.
1061 1619 1092 1685 p.
1115 1599 1278 1678 338-347,
1301 1601 1457 1666 Biicheler
1481 1621 1511 1687 p.
1530 1600 1562 1679 7,
1581 1610 1613 1665 et

334 1704 433 1780 Neue,
452 1705 678 1799 Formenlehre
693 1705 750 1772 der
769 1708 825 1772 lat.
849 1706 1016 1792 Sprache.)

382 1827 577 1895 Civitatium
595 1830 643 1916 (C.
659 1802 779 1917 40,3),
794 1831 934 1917 genitivo
952 1831 1102 1917 pluralis,
1120 1851 1229 1898 rarum
1244 1842 1290 1897 est
1308 1854 1315 1896 :
1338 1832 1439 1897 multo
1460 1832 1610 1918 trequene

336 1935 399 2002 tius
412 1935 584 2003 ciuitatum
599 1938 762 2004 invenitur
775 1937 859 2023 apud
874 1938 1044 2025 scriptores
1061 1939 1187 2005 latinos.

380 2054 418 2118 D.
440 2089 485 2102 -
503 2055 689 2120 Dscnrnnmo
706 2075 836 2129 ounnrn.
853 2090 898 2105 -·
915 2081 926 2114 ι
946 2054 1128 2122 Genitivum
1150 2053 1258 2120 senati
1276 2075 1332 2140 pro
1347 2065 1480 2120 seruatus
1497 2055 1528 2119 in
1550 2075 1609 2121 usu

304 2156 320 2186 ⁶
335 2157 432 2225 fuisse
452 2158 542 2225 docet
560 2159 780 2240 Quintilianus
797 2182 819 2236 1,
841 2161 874 2238 0,
891 2161 950 2238 37;
973 2160 1059 2246 apud
1081 2161 1271 2226 Sallustium
1293 2180 1365 2226 eum
1390 2161 1525 2226 inveniri
1548 2171 1611 2226 tes-

337 2275 445 2332 tantur
466 2265 589 2332 Nonius
607 2288 673 2345 vui,
696 2267 738 2334 40
760 2276 790 2334 44
814 2267 869 2346 50,
890 2269 1032 2334 Donatus
1053 2267 1091 2333 ad
1111 2270 1182 2334 Ter.
1201 2268 1310 2354 Hecyr.
1333 2288 1380 2344 ιιι,
1397 2269 1430 2344 3,
1452 2269 1507 2345 34,
1525 2268 1609 2334 Pris-

336 2376 460 2453 cianus,
476 2394 519 2453 vr,
536 2375 588 2451 44,
607 2375 661 2455 73,
684 2394 715 2460 p.
733 2374 810 2453 308,
826 2374 902 2441 edit.
922 2375 1020 2441 Krehl
1037 2375 1060 2440 ².
1087 2401 1098 2433 ι
1117 2376 1219 2455 Quam
1235 2383 1340 2440 tamen
1356 2375 1490 2440 sormam
1507 2364 1626 2440 tamen*

336 2498 399 2545 non
415 2500 539 2566 semper
550 2480 707 2560 adhibuit,
720 2481 773 2547 scd
789 2482 963 2567 saepissime
979 2481 1011 2547 in
1026 2481 1085 2547 hac
1097 2481 1248 2566 junctura
1262 2507 1273 2540 ι
1289 2480 1396 2546 senati
1410 2478 1577 2546 decretum
1594 2507 1605 2539 ι

336 2596 367 2652 44
386 2607 422 2653 ea
437 2587 567 2675 quidem
588 2589 655 2654 sine
673 2588 906 2674 praepositione.
930 2589 964 2654 lu
981 2587 1053 2653 aliis
1075 2588 1151 2653 locis
1169 2599 1301 2653 sanatus
1318 2588 1433 2673 legitur
1451 2587 1534 2671 (Cat.
1553 2588 1607 2664 37,

255 2769 257 2774 ,
338 2690 395 2772 40;
416 2694 470 2773 38,
493 2696 530 2773 3;
551 2696 605 2773 43,
623 2696 660 2774 3’;
678 2697 733 2774 54,
753 2696 811 2776 30;
828 2697 899 2782 lug.
917 2697 973 2774 33,
992 2697 1028 2774 3;
1047 2697 1102 2773 35,
1120 2698 1152 2773 4,
1171 2695 1277 2773 7;38,
1294 2696 1330 2775 3;
1349 2695 1404 2773 30,
1421 2695 1458 2775 3;
1476 2695 1532 2773 34,
1548 2695 1608 2773 35;

337 2801 391 2878 38,
409 2800 444 2880 3;
465 2802 525 2880 43,
538 2803 575 2880 3;
595 2803 669 2879 443,
686 2803 734 2888 3).
753 2805 861 2889 ltaque
877 2803 1041 2869 lucobsius
1056 2813 1087 2868 et
1100 2801 1279 2868 Dietschius
1299 2810 1381 2868 recte
1401 2800 1610 2887 videnturju·

336 2905 456 2973 dicasse
470 2908 653 2975 Genitivum
667 2909 748 2996 sing.
769 2931 797 2975 ιι
812 2910 927 2976 declin.
947 2910 979 2975 in
994 2908 1007 2974 i
1020 2909 1211 2976 Sallustium
1228 2908 1260 2973 in
1278 2909 1316 2972 iis
1330 2907 1473 2996 terminis
1487 2906 1609 2973 techni-

335 3014 379 3079 cis
393 3025 449 3080 aut
463 3015 611 3082 formulis
626 3017 789 3102 scripsisse
803 3037 875 3104 quaa
891 3016 1050 3082 cotidiano
1066 3036 1126 3082 usu
1141 3036 1176 3081 ex
1194 3015 1384 3102 antiquitate
1400 3014 1524 3080 traditae
1535 3034 1610 3079 sem·

337 3139 456 3206 perque
477 3122 601 3188 usitatae
617 3134 719 3189 essent
736 3147 743 3188 :
761 3125 830 3191 Cat.
849 3124 903 3202 30,
921 3124 958 3201 3;
977 3123 1031 3202 30,
1049 3124 1086 3203 5;
1105 3123 1160 3200 53,
1178 3124 1192 3188 4
1219 3121 1286 3208 (444
1311 3122 1415 3186 sectati
1431 3118 1607 3198 decretam,

336 3236 375 3292 at'
395 3239 527 3295 senatus
551 3251 676 3318 mapna
695 3251 777 3318 pars
802 3230 954 3317 legitur);
979 3230 1007 3296 l.
1030 3232 1085 3307 35,
1113 3231 1170 3308 44;
1194 3229 1248 3308 40,
1276 3228 1306 3293 4.
1334 3230 1473 3314 Uterque
1499 3228 1608 3314 igitur,

336 3335 505 3416 Kritzium,
520 3337 676 3415 Curtium,
693 3350 811 3404 ceteros
827 3349 1005 3424 sequentes,
1024 3335 1158 3402 tumulti
1171 3337 1303 3402 sormam
1320 3336 1370 3422 (C.
1384 3336 1439 3415 59,
1452 3337 1484 3419 5)
1502 3335 1535 3400 44
1549 3344 1610 3401 ten·

336 3453 404 3509 turn
428 3454 628 3529 acceperunt,
652 3445 748 3511 nnius
773 3454 896 3510 tantum
915 3443 1031 3511 codicis
1053 3443 1131 3520 lide3
1155 3443 1345 3529 prudentius
1361 3462 1434 3509 vero
1455 3443 1527 3508 lecit
1542 3443 1610 3508 Jor-

336 3548 439 3615 danua
452 3552 594 3617 omnium
606 3552 751 3618 codicum
762 3553 920 3637 scriptura
939 3579 950 3612 ι
971 3549 1132 3616 44444ιί444
1143 3543 1163 3610 ἰ
1179 3559 1316 3630 servata,
1331 3570 1432 3637 quum
1447 3549 1609 3616 illaverba

340 3682 352 3714 r
377 3655 513 3723 trimalti
530 3679 631 3724 causa
651 3686 662 3718 ι
683 3680 739 3745 pro
756 3660 893 3725 formula
908 3659 1016 3725 haberi
1035 3678 1097 3724 non
1114 3658 1154 3723 sit
1168 3677 1306 3724 necesse.

380 3763 537 3831 Dacicum
549 3768 566 3831 l
577 3767 602 3832 V
613 3763 841 3833 declinationis
856 3766 890 3832 ln
906 3788 922 3832 u
940 3765 1131 3833 Sallustium
1146 3765 1242 3831 semel
1258 3762 1350 3830 modo
1367 3763 1454 3845 (4.6,
1469 3762 1610 3846 4,(444)

217 3961 219 3966 .
337 3870 520 3937 adhibuisse
535 3883 670 3953 constat,
687 3894 723 3939 er
740 3874 856 3940 recenti
872 3872 1003 3940 lordani
1021 3873 1203 3939 collatione.
1222 3873 1300 3938 Eam
1316 3871 1450 3936 formam
1468 3880 1610 3936 contrac-

338 3987 399 4043 tam
418 3999 436 4044 a
455 3980 577 4046 Caesare
595 3981 696 4047 'solam
714 3966 832 4046 rectam
844 3980 1020 4068 judicatam
1037 3979 1133 4046 fuisse
1148 3979 1286 4044 affirmat
1297 3977 1421 4044 Gellius
1438 3975 1494 4061 (ru,
1514 3977 1568 4054 45,
1590 3976 1611 4041 8

337 4094 367 4149 44
384 4087 418 4171 a)
437 4086 486 4151 his
500 4088 604 4154 verbis
623 4111 630 4152 :
653 4116 663 4147 ι
681 4089 716 4154 C.
735 4087 832 4154 etiam
847 4087 965 4166 Casar,
981 4086 1085 4174 gravis
1100 4097 1209 4152 auctor
1224 4085 1343 4169 lingum
1359 4085 1481 4159 latinae,
1499 4084 1531 4148 in
1546 4084 1610 4148 Αιι-

337 4191 477 4258 ticatone
491 4214 503 4258 :
523 4223 533 4254 ι
554 4193 668 4275 Urtius,
692 4195 809 4280 inquit,
829 4193 1042 4281 occupantia,
1059 4191 1221 4283 superbiae
1234 4189 1484 4278 dominatuque.
1507 4191 1611 4255 »ltem

336 4295 371 4363 ia
385 4298 589 4367 Dolabellam
606 4300 743 4368 actionis
757 4303 782 4380 4,
801 4301 856 4368 144.
873 4302 886 4365 l
903 4325 910 4368 :
933 4328 944 4361 ι
959 4301 1011 4366 4444
1025 4320 1162 4386 quorum
1173 4299 1205 4365 in
1217 4299 1339 4380 aedibus
1351 4298 1496 4383 lanisque
1508 4296 1612 4382 posita

368 4517 389 4562 l.
405 4513 536 4564 Jordanus
550 4514 607 4565 Cat.
620 4519 643 4577 7,
660 4519 673 4566 5
686 4522 712 4564 44
725 4515 738 4562 J
743 4529 785 4578 ug.
800 4517 853 4571 400,
869 4516 883 4564 4
899 4528 929 4562 ex
942 4512 1032 4562 codice
1048 4511 1191 4561 Parisiensi
1206 4510 1303 4576 optimo
1318 4509 1486 4575 plurimisque
1504 4508 1564 4558 aliis
1574 4510 1613 4559 lu·

337 4584 383 4634 hot·
397 4584 512 4649 scripsit,
529 4601 677 4651 quanquam
692 4586 798 4635 Servius
813 4584 838 4633 in
852 4585 914 4634 AEn.
935 4600 952 4643 1,
966 4586 1020 4642 353,
1036 4599 1110 4647 poene
1125 4583 1220 4647 ubique
1236 4582 1309 4632 labos
1324 4579 1478 4631 Sallustium
1493 4580 1611 4644 posuisse

336 4655 481 4716 contendit;
496 4655 619 4706 similiter
632 4655 779 4706 lacobsius.
795 4655 893 4704 Contra
907 4653 1053 4704 Diatschius
1069 4653 1139 4707 44444
1152 4653 1247 4718 ubique
1263 4650 1361 4703 scribit.

367 4737 390 4786 a.
404 4735 516 4785 Schultz.
533 4752 558 4799 p.
574 4739 613 4786 22.
