3314 5526
728 416 903 472 ..φ-ι,

181 566 285 622 lantes
305 566 381 622 onte
403 557 642 648 capiamini...
665 581 767 648 quom
785 571 922 651 coptum
953 559 1001 626 ire
1019 559 1134 626 licet...
1158 560 1244 627 tute
1260 560 1359 626 etiam
1379 562 1456 647 lug.

183 662 258 735 llll,
280 664 313 741 2,
340 660 398 730 aad
418 663 499 752 petio
521 662 646 732 divorsi
668 662 838 733 redeuntes
860 668 943 733 alius
966 665 1009 732 od
1026 666 1090 732 alia
1106 679 1205 756 porte
1219 680 1319 755 atque
1342 688 1460 737 onanes

180 764 266 833 idem
280 765 574 859 aa'prtt'picobout...;
591 774 647 852 50,
667 775 699 848 5,
718 773 880 860 equites...
898 795 965 839 nort
983 773 1152 862 confestim
1169 794 1274 862 neque
1292 773 1328 838 in
1347 794 1457 847 unum
1484 801 1488 808 ·

179 891 246 939 aesc
266 874 481 967 recantatum,
498 877 556 945 scd
569 880 653 946 alius
669 882 733 947 alio
747 900 848 967 pacem
867 879 1013 946 monime
1031 879 1164 946 divorsi.
1456 955 1459 959 ,

224 978 332 1069 Neque
361 984 465 1052 ullum
494 986 655 1053 invenitur
681 987 925 1054 constructionis
954 987 1043 1053 illius
1071 1007 1143 1052 cum
1173 987 1291 1072 plurali
1321 1006 1458 1053 numero

181 1088 374 1173 exemplum.
397 1091 587 1179 Magnopere
611 1092 741 1181 quidem
762 1095 882 1160 erravit
898 1094 1040 1160 Kritzius
1060 1092 1144 1179 quod
1169 1092 1223 1179 (ad
1248 1094 1316 1159 Cat.
1349 1095 1383 1172 6,
1405 1094 1455 1179 2),

180 1193 266 1257 uocis
285 1220 296 1253 ι
316 1192 402 1263 olins
422 1196 514 1265 a‘illo
528 1200 620 1267 modo
633 1201 683 1267 bis
698 1201 790 1286 positi
815 1200 1031 1286 praedicatum,
1048 1201 1229 1267 naulorum
1248 1201 1459 1285 grammatica

182 1296 235 1363 aad
259 1318 353 1369 sensu
373 1314 524 1389 spectato,
547 1315 627 1373 recte
644 1309 761 1393 plurali
784 1327 917 1374 numero
936 1306 1099 1373 enuntiari
1126 1327 1214 1393 posse
1229 1306 1321 1374 dixit.
1342 1308 1378 1374 ln
1400 1307 1459 1373 illo

181 1403 279 1485 anim,
297 1406 379 1476 siout
394 1421 424 1477 et
444 1411 476 1478 in
496 1413 569 1480 aliis
588 1414 769 1502 hujusmodi
786 1416 954 1501 exemplis,
972 1415 1104 1480 minimo
1124 1413 1163 1480 ad
1179 1412 1386 1499 predicatum
1406 1413 1457 1480 di-

183 1507 352 1595 rigendum
369 1517 553 1601 vimltabct,
576 1520 631 1587 sed
646 1521 739 1588 unice
759 1521 946 1602 adnomen,
967 1521 1006 1589 de
1028 1541 1092 1606 quo
1113 1520 1236 1607 aliquid
1252 1521 1456 1599 enuntiatur,

183 1618 332 1703 pertinet.

227 1725 319 1807 Quod
335 1729 374 1796 ad
390 1751 497 1799 vocem
519 1736 686 1822 repetitam
705 1733 789 1801 olter
813 1735 961 1821 pertinet,
979 1736 1104 1802 nullum
1122 1733 1332 1821 appositionis
1352 1753 1457 1801 exem·

186 1831 274 1915 plum
300 1837 386 1921 apud
406 1839 596 1909 Sallustium
617 1842 747 1920 ‚inveni;
765 1852 797 1906 at
819 1842 979 1908 nonnulla
999 1841 1124 1907 numeri
1150 1840 1288 1927 pluralis
1307 1842 1457 1926 exempla

184 1948 258 2004 aunt
274 1940 425 2026 (alteri...
443 1946 592 2034 alteros),
612 1950 730 2039 quibus
752 1967 924 2035 pronomen
943 1946 1036 2013 alteri
1061 1967 1119 2034 pro
1137 1949 1277 2032 subjecto
1293 1946 1428 2034 ponitur
1447 1970 1457 2014 z

182 2043 253 2131 Jug.
272 2050 327 2128 ta,
353 2053 389 2130 t;
411 2055 465 2132 53,
482 2057 500 2122 7
510 2079 519 2136 ;
537 2058 591 2134 79,
609 2058 640 2122 l.
1509 2060 1513 2065 “

230 2155 263 2220 40
280 2156 387 2226 llum...
407 2182 490 2244 ruas,
511 2185 626 2230 rans...
644 2185 716 2240 ιιιι,
737 2183 852 2229 raus...
868 2165 956 2242 iaus3
973 2183 1073 2228 asena
1099 2182 1185 2227 raas.
1199 2196 1245 2210 -
1259 2143 1458 2228 Substantiri

189 2284 200 2317 ι
220 2281 303 2348 pars
320 2292 333 2326 ι
352 2271 542 2337 constructio
560 2271 723 2338 variorum
741 2289 894 2356 generum
911 2270 1057 2354 exempla
1072 2268 1211 2353 praebet:

227 2389 261 2434 o.
291 2373 331 2438 Et
364 2376 502 2462 primum
527 2397 565 2445 ca
587 2377 827 2445 consideremus
856 2375 1030 2462 inquibus
1058 2403 1069 2434 ι
1089 2396 1210 2464 porr»
1242 2393 1358 2440 nomen
1384 2393 1459 2441 cum

185 2480 371 2560 pronomine
395 2485 513 2570 plurali
541 2483 627 2571 (olii,
648 2483 757 2563 motti,
767 2481 888 2573 poaeci,
908 2482 986 2567 eto),
1007 2482 1058 2548 cui
1081 2491 1273 2568 opponatur,
1294 2480 1457 2566 jungitur,

183 2600 254 2649 eum
277 2598 449 2676 utrumque
466 2591 506 2657 ad
525 2592 702 2679 subjectum
724 2592 848 2676 plurale
866 2609 921 2675 per
937 2588 1170 2675 appositionem
1187 2588 1344 2674 pertineat
1360 2608 1369 2651 ε
1385 2587 1456 2652 Cat.

182 2689 216 2762 ἢ,
234 2692 266 2771 l,
283 2691 386 2781 ipitur
404 2696 498 2763 initio
517 2718 650 2785 repes...
669 2695 794 2762 divorsi
818 2716 891 2780 pars
914 2693 1095 2783 irtqeniecm,
1114 2694 1170 2759 alii
1190 2714 1309 2781 corpus
1328 2714 1460 2758 exerce·

185 2794 281 2881 bont;
295 2801 362 2868 Cat.
381 2804 436 2882 t8,
449 2806 481 2882 5,
500 2806 554 2869 alii
566 2824 635 2870 rem
651 2800 872 2869 incredibilem
885 2803 957 2879 rati,
971 2822 1057 2887 pars,
1072 2800 1204 2866 tametsi
1214 2821 1328 2865 oerum
1339 2798 1460 2865 erista

183 2903 333 2985 mobont,
359 2920 469 2976 tomen
491 2911 573 2999 puio
596 2911 629 2974 in
664 2909 726 2975 toli
756 2920 902 2998 tempore
921 2918 1016 2973 tanto
1039 2907 1088 2973 oia
1108 2907 1248 2972 dominis
1275 2906 1383 2994 moqis
1408 2904 1460 2972 le·

183 3010 313 3080 otiando
325 3038 428 3104 parom
447 3015 650 3106 enoqitondo
663 3014 850 3092 videbatur,
869 3014 1025 3105 plerique
1041 3015 1159 3080 Crasso
1174 3034 1216 3079 ea·
1226 3012 1366 3101 nepotiis
1373 3011 1458 3102 pri-

185 3119 269 3187 vatis
288 3121 424 3189 obnoxii
450 3122 660 3190 conclamant
679 3119 819 3187 indicem
847 3120 974 3210 (omrem
997 3141 1081 3197 esse;
1099 3114 1177 3202 lug.
1204 3121 1260 3194 60,
1290 3120 1323 3196 7,
1344 3118 1480 3211 ceteri,¹

185 3247 316 3317 quoquo
331 3229 430 3297 modo
440 3244 596 3322 potuere,
615 3231 706 3315 puori
729 3228 860 3316 calepti,
880 3248 996 3313 magna
1013 3248 1086 3314 pars
1099 3226 1286 3292 volneribus
1304 3225 1458 3310 corasecti,

181 3332 1457 3423 edocentllliug.l3,8;31,l3(pars...alii...plerique);7l,l;Cat.38,3;

182 3442 261 3509 llist.
281 3466 329 3519 ιιι,
350 3445 404 3517 78,
422 3445 540 3530 quibus
559 3445 707 3508 omnibus
721 3442 808 3521 locis,
831 3461 902 3507 cum
923 3442 1053 3507 unicum
1072 3442 1204 3506 verbum
1220 3441 1274 3516 sit,
1301 3440 1457 3504 alterum-

182 3569 243 3633 que
258 3571 294 3616 ex
306 3551 456 3638 subjectis
472 3550 590 3635 plurali
609 3569 740 3615 numero
758 3548 960 3628 adhibeatur,
973 3549 1242 3633 verbumquoque
1259 3545 1378 3631 plurali
1394 3564 1460 3610 nu-

184 3674 271 3722 mero
290 3656 439 3742 usurpari
455 3675 581 3723 necesse
599 3666 658 3721 est.

229 3762 260 3828 b.
290 3764 503 3851 sequentibus
532 3763 620 3838 locis,
652 3762 776 3827 tametsi
806 3762 939 3827 verbum
964 3780 1065 3827 unum
1094 3770 1149 3826 aut
1174 3761 1267 3844 plura
1297 3759 1459 3825 infinitivo

183 3870 333 3937 ltistorico
349 3869 555 3950 adhibentur,
572 3869 728 3955 pluralem
744 3887 912 3934 numerum
928 3879 1118 3953 usurpatum
1133 3867 1231 3932 luisse
1251 3867 1459 3952 perspicuum

182 3991 240 4056 est,
263 3998 335 4044 cum
354 3987 411 4043 aut
434 3977 669 4043 substantivum
689 3976 909 4062 (participium
926 3994 963 4040 ve
989 3974 1028 4040 ad
1052 3974 1214 4059 praegressi
1237 3972 1357 4058 periodi
1378 3972 1460 4038 sub·

181 4086 352 4151 stantivum
370 4083 546 4169 pertinens)
564 4083 656 4149 initio
670 4080 827 4149 enuntiati
845 4082 983 4166 positum
997 4081 1039 4146 sit
1056 4081 1173 4164 plurali
1191 4098 1324 4145 numero
1343 4088 1374 4145 et
1397 4099 1459 4164 pro

183 4192 435 4277 subjectototius
462 4190 693 4257 enuntiationis
717 4189 885 4263 habeatur,
909 4198 965 4253 aut
997 4187 1203 4273 participium
1229 4186 1355 4272 plurale
1386 4187 1457 4253 uoci

186 4326 198 4357 ι
216 4318 299 4386 pers
316 4310 331 4356 ι·
350 4297 544 4384 adjungatur
565 4319 572 4361 :
594 4298 665 4381 lug.
688 4297 744 4375 57,
761 4296 793 4370 le,
814 4293 968 4361 Romani.
978 4314 1047 4383 pro
1063 4291 1195 4381 inpenio
1214 4291 1363 4379 putisque,
1382 4311 1459 4377 pars

182 4405 309 4470 eminus
326 4401 448 4492 plaude
462 4415 523 4468 out
536 4401 702 4492 lapidibus
710 4423 879 4493 palpitare,
898 4403 951 4465 alii
967 4398 1138 4466 sceccedere
1156 4421 1196 4465 ac
1210 4420 1344 4464 matrum
1356 4396 1459 4465 modo

180 4509 343 4600 suffodere
357 4508 565 4576 modestalis
585 4507 740 4597 oppa-edm
756 4511 826 4594 lug.
854 4509 909 4583 32,
931 4509 963 4583 3,
988 4509 1084 4594 [acero
1103 4506 1164 4594 qni
1189 4526 1272 4571 oraro
1301 4506 1462 4594 eonntpti

181 4616 370 4704 elephantos
383 4617 556 4704 inpertiam
571 4614 750 4694 traderent,
767 4616 823 4681 alli
835 4614 999 4704 persttpos
1013 4612 1162 4691 vendere,
1183 4633 1255 4697 pars
1269 4612 1459 4700 carpocratis

181 4724 279 4792 rebus
288 4722 422 4812 praedas
435 4722 595 4811 opebont3
618 4725 634 4790 J
639 4743 689 4807 ug.
710 4724 766 4800 58,
782 4723 817 4802 2,
836 4733 874 4787 ot
886 4719 992 4788 nostri
1007 4719 1176 4808 repentino
1199 4733 1289 4784 metu
1308 4715 1461 4807 poculsi
