3314 5526
732 454 782 511 ²-
806 426 868 482 nor
893 456 937 468 -

187 562 253 630 uisi
267 564 357 652 forte
374 585 472 652 qoem
493 587 548 631 vos
557 563 749 654 jussissetis,
768 567 988 654 conJuuctivus
1000 566 1149 646 occurrit,
1169 567 1316 648 ubinon,
1335 579 1368 635 ut
1380 589 1464 636 sem-

189 692 245 757 per
261 673 354 750 alias,
375 693 429 758 per
446 673 583 740 ironiam
598 673 731 751 dictum,
749 673 802 739 sed
823 694 997 759 pronomen
1014 672 1040 739 is
1056 676 1112 757 (z.-
1127 672 1213 760 talis)
1234 676 1463 763 supplendum,

124 782 126 787 '
189 780 233 844 ita
245 790 279 845 ut
291 800 391 867 quem
403 800 460 867 pro
473 780 500 847 is
510 800 607 868 quem
624 780 763 867 positum
776 781 1003 868 intelligamus,
1019 793 1049 847 et
1063 791 1164 848 totum
1177 783 1331 850 orationis
1346 804 1464 851 nexum

191 887 237 953 sic
257 888 452 983 explicemus
467 912 474 953 :
494 887 560 954 rrisi
573 888 661 976 sorte
681 887 708 953 is
724 908 821 976 quem
839 909 895 953 uos
909 886 1090 976 jussissetis
1103 910 1162 956 uos
1182 887 1314 956 habere,
1331 928 1376 941 -
1394 891 1468 960 Nisi

187 1015 277 1076 vero,
299 995 411 1061 eodem
426 1014 541 1072 sensu,
556 995 642 1081 apud
659 995 849 1061 Sallustium
865 995 962 1061 deest,
1242 985 1244 989 ⁴

232 1100 307 1171 Nisi
319 1112 430 1167 tameo
445 1122 521 1168 cum·
534 1102 706 1168 indicativo
723 1101 847 1188 aliquid
863 1103 1042 1189 oppositum
1061 1103 1161 1189 priori
1182 1104 1352 1171 enunciato
1372 1105 1466 1191 signi-

190 1209 264 1274 licat
279 1229 314 1275 ac
335 1230 391 1294 per
410 1210 551 1296 ellipsim
575 1209 809 1275 enucleandum
823 1221 881 1290 est,
902 1222 937 1276 ut
950 1211 1020 1296 Ju'g.
1038 1212 1094 1289 21,
1116 1212 1148 1291 5,
1163 1210 1271 1301 pluero
1290 1210 1330 1279 de
1343 1215 1464 1301 lapur-

190 1313 248 1381 tlta
269 1314 409 1381 scribere
430 1314 624 1382 dehortatur
638 1337 690 1381 me
708 1316 849 1404 fortuma
867 1338 953 1398 mea,
976 1316 1095 1405 etjam
1118 1356 1172 1383 -.
1194 1317 1269 1385 Nisi
1285 1329 1395 1385 tameo
1414 1301 1466 1384 iri·

189 1421 319 1510 rellego,
339 1423 392 1489 ubi
415 1434 478 1489 tota
493 1424 650 1489 sententia
669 1426 714 1489 sic
731 1424 883 1509 explicari
902 1433 1021 1510 potest:
1044 1423 1110 1490 ruisi
1127 1436 1236 1490 tameo
1250 1425 1312 1492 looc
1327 1428 1389 1510 (vel
1405 1424 1467 1492 lroc

190 1551 296 1596 uurrm
320 1532 442 1617 tumere)
465 1527 564 1611 add0,
589 1552 641 1596 me
664 1528 861 1618 intellegere,
887 1531 985 1596 itaut
1008 1530 1074 1596 uisi
1093 1533 1309 1618 exceptionem
1335 1533 1464 1612 indicet,

191 1648 302 1703 tumea
314 1638 546 1723 oppositionem
566 1638 749 1724 cogitationi
774 1638 878 1703 verbis
895 1639 1075 1724 progressis
1095 1659 1250 1725 expressae
1267 1638 1367 1725 (uilril
1380 1638 1466 1706 oddo

190 1742 238 1810 od
258 1743 327 1811 haec
354 1765 427 1832 quae
448 1743 589 1833 scripsi).
615 1746 662 1811 Cf.
690 1746 760 1831 Jug.
785 1746 840 1822 67,
862 1745 895 1825 3,
919 1743 956 1811 id
977 1744 1245 1812 misericordiane
1260 1745 1398 1835 hospitis
1423 1768 1467 1812 arr

183 1850 345 1940 pactione
360 1863 420 1917 aut
432 1873 510 1918 casu
526 1851 573 1917 ita
597 1851 750 1932 evenerit,
761 1873 886 1939 porum
903 1851 1138 1939 commorimus;
1152 1853 1229 1934 uisi,
1251 1852 1332 1940 qaia
1356 1851 1409 1919 illi
1432 1853 1467 1919 ira

191 1970 283 2024 tauto
308 1959 398 2024 maio
416 1958 521 2047 turpis
546 1958 615 2024 vita
635 1958 763 2047 integra
780 1960 878 2048 saura
893 1959 1005 2047 potior
1034 1959 1115 2049 suit,
1137 1958 1306 2048 improbas
1330 1959 1467 2026 intesta-

192 2063 331 2153 bilisque
358 2065 500 2146 videtur,
525 2067 579 2132 uhi
608 2078 719 2131 tamen
755 2067 841 2133 deest
860 2076 891 2132 et
926 2067 1264 2154 sicintelligeudum:
1288 2066 1364 2147 *uisi
1396 2065 1468 2150 (lroc

190 2174 347 2258 constat),
371 2171 480 2253 allaim,
502 2172 582 2260 quia
602 2174 633 2238 ei
658 2210 703 2223 —
724 2171 803 2261 suit,
827 2170 1015 2262 improbum
1035 2172 1318 2262 intestabilemqae
1345 2172 1465 2251 sideria

189 2283 261 2362 lug.
282 2281 357 2359 166,
375 2281 408 2360 5,
426 2277 516 2368 parad
528 2278 627 2345 malti
635 2302 698 2369 por
708 2278 922 2345 ambitionem
933 2279 1012 2369 ficri
1024 2279 1168 2361 aiebant,
1183 2303 1264 2368 pars
1284 2276 1467 2368 apueritia

190 2398 380 2452 corrsaetam
395 2385 556 2452 detritione
575 2386 702 2466 etalio,
720 2407 793 2474 qum
805 2386 904 2452 ceteri
921 2387 1072 2453 miserias
1086 2399 1216 2468 vocarat,
1232 2387 1399 2477 voluptati
1411 2387 1467 2453 laa-

191 2492 315 2560 buisse:
332 2493 399 2559 nisi
417 2506 588 2560 remeares
598 2493 735 2582 publica
745 2493 876 2583 pariter
894 2493 1081 2561 saevissumo
1105 2494 1244 2583 imperio
1266 2492 1345 2560 berre
1369 2506 1468 2582 utque

189 2599 303 2667 decore
331 2612 433 2689 peste,
450 2602 503 2667 ubi
521 2601 750 2668 sententiarum
766 2622 865 2667 nexus
879 2602 929 2667 hic
942 2611 1009 2667 est:
1027 2602 1240 2688 qaaestionem
1253 2623 1320 2667 rrorr
1333 2599 1465 2681 dirimo,

189 2707 252 2774 lroc
272 2730 377 2774 arram
388 2730 451 2797 pro
467 2719 552 2774 certo
572 2706 656 2789 dieo,
673 2731 742 2775 rem
763 2706 934 2797 prrblieam
955 2747 996 2758 -—
1017 2719 1156 2797 gestam.
1182 2711 1259 2789 Qua
1276 2709 1466 2775 constructio

189 2814 277 2902 apud
305 2816 454 2901 antiquos
481 2816 649 2903 scriptores
671 2817 724 2902 (cf.
753 2817 859 2883 Plaut.
890 2817 1004 2882 Pseud.
1038 2817 1135 2895 1102,
1156 2818 1250 2889 Poen.
1280 2837 1322 2894 rr,
1350 2816 1383 2895 2,
1410 2816 1465 2894 66,

111 2940 115 2947 ·
190 2922 290 2990 Stich.
314 2923 497 3001 269,Τι1ιι.
518 2924 596 3004 928,
617 2924 691 2990 Aul.
718 2945 751 3013 ιι,
774 2924 807 3003 7,
829 2924 866 3002 3;
886 2945 928 3001 ιιι,
945 2925 998 3002 16,
1023 2924 1077 3001 75,
1099 2922 1176 2990 Cist.
1194 2945 1217 3003 1,
1246 2925 1277 3001 1,
1304 2923 1360 3009 13)
1388 2923 1466 3003 satis

157 3025 160 3030 ’
190 3029 354 3115 frequens,
383 3031 468 3118 apud
493 3031 572 3096 alios
596 3031 766 3116 scriptores
791 3031 973 3116 aliquoties,
1003 3050 1037 3096 ao
1062 3031 1222 3116 praecipue
1247 3029 1280 3095 in
1305 3029 1466 3096 Ciceronis

189 3137 333 3222 epistolis
350 3136 512 3204 invenitur
528 3139 581 3225 (cl.
606 3139 645 3204 ad
667 3137 731 3202 litt.
749 3159 783 3216 ιι,
802 3138 862 3217 23;
884 3158 915 3216 v,
935 3138 994 3217 ll3
1013 3159 1055 3216 ιιι,
1077 3139 1111 3217 6,
1129 3138 1188 3217 23;
1203 3137 1242 3203 ad
1259 3137 1335 3202 fam.
1353 3137 1409 3217 13,
1431 3138 1443 3202 1
1455 3159 1464 3215 ;

189 3244 245 3323 13,
268 3244 336 3330 73).
359 3245 398 3310 At
413 3245 471 3310 hoo
487 3245 519 3309 in
537 3244 648 3330 primis
663 3244 851 3323 notandum,
868 3245 953 3330 apud
973 3245 1107 3311 comicos
1126 3243 1192 3310 uisi
1209 3245 1273 3309 rim
1291 3243 1466 3310 adversati-

189 3371 262 3418 vam
277 3352 394 3418 habere
409 3367 504 3439 atque
528 3373 584 3438 per
598 3349 657 3418 sed
670 3352 861 3438 particulam
882 3352 1026 3437 suppleri
1043 3371 1145 3437 posse,
1168 3351 1254 3439 apud
1275 3351 1467 3418 Sallustium

188 3478 277 3537 vero,
297 3470 330 3525 ut
344 3459 429 3546 apud
445 3460 628 3525 Ciceronem
644 3460 801 3545 aliosque,
823 3469 948 3525 tantum
963 3469 1033 3546 post
1057 3459 1240 3544 negationes
1258 3459 1391 3544 scriptas
1412 3468 1467 3523 aut

141 3627 148 3643 ,
188 3567 385 3652 supplendas
402 3567 475 3653 legi,
492 3567 537 3632 ita
553 3576 588 3632 ut
603 3568 636 3632 in
652 3569 711 3633 hac
726 3567 959 3633 constructione
975 3565 1183 3652 antiquorum
1199 3564 1335 3631 imitatio
1349 3564 1468 3631 nonsit

190 3673 400 3739 admittenda.

234 3778 332 3849 ll'r'lril
350 3778 448 3846 aliud
467 3779 534 3846 uisi
551 3781 573 3861 ¹,
599 3778 682 3869 qaid
698 3778 794 3848 aliud
810 3779 876 3846 uisi
899 3782 994 3866 plane
1013 3780 1182 3860 deficiuut3
1206 3780 1252 3865 (at
1272 3777 1355 3866 qaid
1374 3775 1471 3843 aliud

189 3908 272 3962 ouon
299 3888 436 3954 occurrit
459 3888 539 3954 Hist.
562 3910 584 3967 1,
613 3889 667 3966 15,
694 3891 730 3967 1;
756 3889 795 3954 cl.
825 3887 904 3953 ibid.
937 3889 991 3968 15,
1008 3898 1096 3954 estne
1120 3874 1200 3953 uiris
1226 3884 1350 3973 reliqui
1375 3882 1493 3954 atiud⁴

190 3995 301 4080 euru).
340 4054 342 4059 ⁴

235 4099 332 4171 Nilril
342 4137 387 4151 -
398 4100 464 4167 uisi
473 4102 670 4188 legiturJug.
687 4102 743 4181 85,
761 4096 815 4180 33,
828 4100 917 4167 uidit
931 4112 1075 4168 metuere
1094 4098 1161 4167 uisi
1172 4110 1302 4189 turpem
1315 4099 1465 4186 fomam3

190 4210 272 4276 Hist.
294 4231 317 4288 1,
339 4211 394 4290 15,
409 4210 445 4290 83
463 4233 487 4290 ι,
504 4213 559 4291 51,
580 4211 638 4288 15;
652 4231 695 4290 ιιι,
712 4210 768 4289 82,
788 4211 847 4288 17;
865 4246 910 4259 -
923 4207 1214 4296 quid-aisilug.
1241 4208 1296 4286 85,
1315 4207 1369 4284 16,
1387 4204 1472 4294 qrtid

189 4337 401 4405 responsuros
417 4314 559 4398 creditis,
573 4316 640 4383 ru'sr'
652 4338 719 4383 sese
729 4314 848 4382 liberos
858 4337 961 4404 quom
977 4326 1127 4404 optumos
1142 4312 1307 4381 volarisse?
1321 4317 1337 4381 J
1342 4335 1392 4400 ug.
1411 4315 1466 4393 21,

190 4424 228 4503 8;
247 4424 302 4505 31,
319 4425 378 4504 26;
396 4425 476 4490 Hisl.
495 4445 537 4504 rr,
554 4425 609 4502 82,
627 4427 686 4506 19,
703 4460 748 4473 -
765 4421 954 4489 uullusrrisi
971 4424 1052 4489 Hist.
1071 4444 1118 4501 111,
1135 4423 1191 4502 66,
1215 4420 1323 4487 locam
1337 4419 1469 4486 uullrrm

189 4529 330 4618 misiquo
346 4531 472 4597 armati
480 4530 756 4621 institisseutipsis
773 4541 881 4597 tutum
895 4530 986 4619 sore3
1003 4531 1043 4596 cl.
1061 4528 1177 4618 aequis
1190 4565 1234 4579 —
1245 4527 1311 4594 rrisi
1322 4529 1339 4594 J
1343 4548 1393 4614 ug.
1413 4528 1465 4604 11,

223 4713 245 4758 l.
261 4707 360 4759 Tamen
374 4722 456 4773 raeque
468 4709 545 4760 uliud
559 4736 589 4746 -
600 4708 655 4760 aisa·
668 4707 765 4772 legitur
778 4707 838 4772 Jug.
855 4708 877 4764 3.
893 4709 917 4771 3,
930 4719 1016 4772 aeque
1032 4704 1106 4759 allud
1118 4719 1148 4758 sc
1159 4704 1303 4771 fatigando
1315 4703 1366 4755 atsi
1377 4703 1469 4779 odium

191 4794 318 4846 quaerere.
