3314 5526
730 414 903 474 ..gg-

181 558 221 624 ad
233 555 378 648 plebem,
395 577 453 644 per
467 559 591 644 synesin
602 560 835 626 constructione
846 560 1002 639 adbibita,
1020 560 1218 626 referendam
1230 561 1299 628 eam
1310 571 1457 642 censent,

182 665 215 731 id
233 663 320 752 quod
337 684 466 730 sonsum
484 683 670 751 magnopere
689 676 803 747 mutat,
825 667 925 752 siper
943 678 1063 733 ceteras
1084 667 1308 753 intelligantur
1327 668 1456 734 nobiles

181 774 237 860 qui
251 770 455 857 magistratus
469 783 610 839 tenentes
629 774 733 859 plebei
749 775 891 840 laverant
907 783 961 840 aut
977 776 1082 839 minus
1098 775 1245 841 ferociter
1258 784 1455 842 coercerent.

181 880 409 948 Difficultatem
430 879 571 966 praebent
594 882 690 947 verba
709 902 816 968 qaae...
834 864 1002 970 placidias
1021 891 1212 959 tractarent,
1236 901 1309 948 cum
1334 882 1392 948 alii
1417 883 1458 948 ad

182 987 257 1078 ipsi,
276 987 332 1053 alii
349 987 387 1054 ad
403 998 522 1053 ceteros
542 1008 580 1053 ea
595 989 713 1054 referre
728 988 854 1068 malint,
880 1009 915 1055 ac
936 989 1032 1075 verba
1047 989 1115 1075 ipsa
1132 983 1298 1079 placidias
1313 998 1461 1055 tractare

183 1094 333 1183 pluribus
344 1094 447 1161 modis
457 1106 569 1161 vexata
584 1096 714 1162 luerint.
728 1095 901 1182 Opiniones
914 1095 1055 1163 diversas
1068 1106 1214 1163 excutere
1226 1087 1352 1181 longius
1363 1107 1457 1175 esset,

183 1222 287 1289 neque
303 1201 380 1268 adeo
396 1221 518 1289 magnae
534 1202 701 1283 utilitatis3
720 1203 997 1289 interpretationes
1013 1203 1110 1289 igitur
1126 1222 1178 1268 eas
1192 1213 1317 1268 tantum
1331 1214 1404 1289 quae
1419 1202 1460 1268 ad

183 1309 264 1377 duas
287 1309 460 1395 scripturas
484 1309 642 1394 pertinere
665 1311 781 1376 melias
804 1309 964 1388 videntur,
993 1311 1130 1376 breviter
1158 1310 1209 1376 hic
1232 1329 1402 1396 exponam.
1425 1310 1459 1375 Si

183 1417 374 1503 scripturam
388 1416 532 1483 Ritschlii
554 1417 701 1503 accipias,
721 1438 832 1483 sensus
847 1428 917 1482 est:
943 1444 954 1477 ι
979 1417 1071 1503 pauci
1097 1428 1238 1503 potentes
1261 1428 1382 1483 ceteros
1396 1436 1461 1483 om·

184 1544 240 1591 nes
259 1524 420 1591 terrebant
440 1521 636 1610 judiciorum
654 1533 753 1602 metu,
777 1525 846 1611 qui,
862 1525 1083 1590 auctoritatem
1104 1527 1246 1609 ipsorum
1266 1544 1329 1590 non
1344 1524 1459 1604 secuti,

184 1632 284 1698 libere
298 1630 502 1717 magistratus
525 1632 775 1718 (praesertimque
801 1631 1026 1714 tribunatum),
1053 1640 1244 1709 exercerent,
1273 1651 1307 1696 ar
1330 1631 1458 1717 plebem

183 1738 323 1824 quodam
337 1737 430 1804 modo
447 1737 549 1803 lenius
564 1738 727 1804 haberent.
747 1765 759 1797 »
779 1739 835 1803 Sin
846 1759 919 1804 vero
930 1739 1090 1824 vulgarem
1108 1739 1274 1805 lectionem
1291 1738 1456 1823 praferas,

184 1844 229 1912 sic
248 1844 492 1930 intelligendum
506 1845 584 1910 milri
603 1846 753 1912 videtur:
775 1872 786 1905 ι
805 1846 902 1911 Pauci
919 1856 1059 1930 potentes
1072 1845 1270 1931 judiciorum
1290 1853 1377 1910 metu
1396 1857 1460 1911 ter-

185 1953 297 2018 rebant
310 1961 428 2016 ceteros
445 1952 501 2039 (sc.
520 1952 621 2038 plebis
633 1953 813 2018 defensores
831 1973 864 2018 ac
881 1954 1047 2037 lautores),
1061 1963 1095 2019 ut
1110 1953 1144 2031 ii,
1162 1952 1238 2018 dum
1252 1952 1459 2038 magistratus

185 2069 378 2139 exercerent,
409 2061 565 2146 populum
590 2061 741 2127 adversus
761 2059 884 2126 nobiles
910 2059 1015 2127 minas
1039 2060 1246 2126 concitarent.
1268 2061 1373 2139 Quam
1392 2059 1461 2146 qui-

185 2167 257 2233 dem
286 2166 582 2260 interpretationem
600 2167 706 2233 minus
737 2166 851 2233 duram
879 2167 1042 2253 magisque
1063 2166 1225 2233 codicibus
1253 2166 1384 2252 optimis
1409 2185 1459 2232 ac·

185 2273 415 2341 commodatam
430 2294 554 2354 conseo,
576 2274 633 2340 etsi
653 2284 797 2360 superest
816 2273 918 2340 adhuc
941 2274 1106 2341 obscurius
1123 2273 1260 2359 aliquid.
1278 2274 1460 2340 Lectionem

184 2381 315 2449 Jordani
340 2381 529 2448 servandam
549 2381 706 2460 existimo,
729 2380 789 2446 nisi
817 2381 902 2468 quod
926 2382 1084 2467 particula
1112 2401 1176 2469 que
1201 2380 1379 2467 elegantius
1403 2380 1461 2445 de-

187 2490 307 2568 leatur3
325 2508 494 2575 vocemque
525 2509 638 2554 eoram
660 2487 765 2554 ultimi
786 2488 947 2554 enunciati
964 2487 1005 2554 ad
1028 2485 1163 2576 plebem
1190 2487 1305 2562 refero,
1336 2506 1461 2562 *novum

187 2596 430 2662 constructionis
453 2616 510 2681 per
532 2595 658 2681 synesin
679 2597 871 2681 exemplum.

232 2702 378 2788 Legimus
396 2702 465 2768 Cat.
488 2703 542 2784 ta,
561 2704 592 2780 l,
614 2721 650 2768 ee
665 2699 757 2789 signo
774 2722 941 2788 proxuma
961 2709 1053 2765 nocte
1073 2711 1178 2765 cetera
1193 2696 1372 2765 multitado
1387 2719 1461 2765 con·

186 2809 358 2896 jurationis
385 2830 483 2875 saum
507 2808 644 2897 quisque
667 2808 836 2897 nepotiana
858 2818 1097 2894 exsequeretur.
1120 2804 1188 2872 Sed
1205 2827 1242 2872 ea
1271 2804 1377 2871 dt'ct'sa
1400 2805 1464 2872 boc

188 2913 286 3007 medo
301 2914 507 2996 dicebantur,
534 2917 587 2981 ubi
608 2937 646 2981 ea
673 2936 728 3001 per
751 2915 877 3002 synesin
904 2915 1021 3001 plurali
1047 2934 1178 2980 numero
1202 2913 1345 2999 ponitur,
1368 2914 1462 2998 quia,

189 3035 319 3110 proptor
336 3023 534 3089 collectivum
550 3042 663 3088 nornen
688 3020 941 3111 conjurationis,
958 3021 1043 3107 quod
1059 3020 1143 3086 idem
1163 3030 1209 3085 est
1233 3033 1327 3105 atque
1341 3019 1464 3108 conja-

188 3142 351 3212 ratoram,
365 3130 405 3196 ad
417 3131 524 3216 plures
536 3150 586 3196 res
600 3129 741 3195 delertur
751 3129 911 3216 cogitatio.
929 3129 1077 3196 Ceterum
1087 3125 1266 3192 multitado
1279 3127 1464 3194 aSallustio

189 3258 314 3325 semper
337 3257 468 3305 numero
488 3236 644 3322 singulari
670 3247 860 3323 usurpatum
884 3247 941 3314 est,
964 3236 1099 3321 ideoque
1116 3234 1249 3300 verbum
1274 3253 1464 3321 easeqaere-

190 3345 338 3412 tacitam
364 3343 522 3431 singulari
551 3343 626 3430 poni
649 3342 802 3440 debebat3
833 3363 907 3408 nam
927 3340 1066 3429 petisque
1089 3361 1275 3426 pronomen,
1302 3350 1338 3406 ut
1363 3361 1466 3428 supra

188 3451 485 3531 demonstravimus,
511 3450 592 3516 nihil
615 3452 700 3516 valet
726 3450 766 3516 ad
793 3470 892 3535 genus
912 3449 997 3515 verbi
1015 3448 1233 3519 indicandum.

234 3561 268 3626 2⁰
283 3561 361 3626 Loca
376 3578 449 3624 vero
465 3577 536 3643 quae
559 3568 738 3643 sequuntur
753 3559 849 3643 paulo
865 3555 1036 3623 audaciora
1051 3565 1124 3622 sunt
1142 3578 1149 3620 :

234 3668 308 3732 Post
322 3665 419 3731 verba
437 3685 477 3730 ea
496 3685 532 3730 eo
552 3685 702 3744 namara,
720 3664 746 3729 si
762 3664 964 3730 enuntiatum
983 3663 1151 3729 relativum
1168 3670 1332 3747 sequatur,
1350 3680 1467 3745 prono

190 3792 263 3840 men
279 3793 343 3840 non
365 3791 437 3839 cum
458 3791 532 3838 voce
550 3792 701 3852 numero,
726 3771 778 3837 sed
794 3791 866 3837 cnm
890 3771 929 3836 iis
944 3769 1099 3856 personis,
1125 3769 1242 3854 quibus
1267 3776 1390 3833 constat
1408 3788 1467 3834 nu·

190 3900 311 3959 merus,
328 3878 485 3966 congruit,
506 3879 598 3965 quasi
617 3898 673 3963 pro
696 3899 733 3943 eo
748 3879 905 3963 genitivus
925 3877 1061 3965 pluralis
1081 3875 1250 3942 masculini
1271 3886 1467 3961 usurpatum

192 3997 274 4055 esset
296 4010 303 4052 :
328 3988 399 4071 lug.
428 3985 483 4065 35,
505 3986 538 4066 6,
559 3983 663 4073 igitar
686 4006 772 4051 artas
794 4006 832 4051 ex
853 4005 889 4051 eo
908 4004 1041 4051 numero
1068 3980 1192 4071 palad
1212 3980 1332 4048 eaedem
1347 3979 1469 4070 pa'ratt'

191 4105 287 4162 erant
298 4119 307 4176 ;
324 4096 394 4180 lug.
411 4093 466 4173 38,
484 4093 517 4172 6,
532 4089 590 4158 sed
607 4113 644 4158 ex
663 4112 699 4158 eo
720 4112 853 4158 numero
872 4113 953 4179 qaas
965 4089 1073 4180 patale
1093 4101 1170 4155 aare
1184 4100 1359 4177 conceptas
1374 4086 1464 4154 atat-

191 4223 275 4283 mas,
296 4201 411 4268 robers
427 4220 507 4266 aaa.
525 4199 572 4266 Cf.
590 4200 655 4266 Cic.
674 4220 731 4285 pro
755 4199 882 4277 Archia,
902 4200 942 4264 ib
961 4200 1015 4285 (ee
1036 4219 1071 4263 ao
1087 4217 1223 4262 camere
1239 4194 1299 4283 qat'
1312 4195 1468 4262 srtntba-

193 4308 282 4394 ittig
301 4309 413 4394 Agrar.
431 4329 465 4386 ιι,
489 4309 542 4387 ll,
566 4307 620 4385 37,
643 4315 674 4372 ct
688 4306 727 4372 de
752 4306 871 4384 linia,
896 4307 950 4384 ll,
979 4307 1021 4372 70
1037 4307 1090 4388 (ea
1104 4325 1140 4369 eo
1161 4324 1278 4392 pertore
1297 4322 1370 4389 qua
1388 4322 1469 4389 pro·

191 4416 296 4503 sant).
327 4416 474 4482 Ceterum
493 4415 561 4479 sine
585 4413 718 4480 relativo
744 4413 910 4479 enuntiato
933 4424 1084 4499 sequente
1106 4410 1253 4497 pluribus
1277 4410 1352 4475 locis
1368 4429 1409 4474 aa
1429 4430 1467 4475 ec

95 4551 125 4601 0,
192 4544 330 4590 numero
346 4524 434 4609 ponit
450 4504 640 4588 Sallustius:
655 4520 723 4586 Cat.
744 4521 798 4605 ta,
818 4520 837 4585 3
848 4543 856 4598 ;
873 4521 944 4605 lug.
964 4520 1017 4597 18,
1036 4521 1089 4584 ll.
1105 4517 1194 4584 Adde
1208 4518 1235 4582 J.
1256 4517 1310 4595 lb,
1326 4518 1345 4581 d
1364 4514 1413 4602 (la
1429 4538 1468 4583 ec

193 4634 366 4715 numero);
387 4631 455 4697 Cat.
474 4630 529 4708 32,
546 4629 566 4694 3
585 4633 640 4704 (ecc
651 4649 709 4693 saa
729 4628 893 4713 cantero).
912 4627 958 4693 Cl.
976 4648 1015 4692 ea
1028 4624 1152 4715 pratia,
1169 4645 1208 4690 ea
1223 4645 1335 4704 caasa,
1352 4643 1389 4688 eo
1404 4621 1465 4690 do·

152 4725 154 4730 ¹
194 4737 262 4807 lore
277 4748 351 4818 eta,
365 4747 397 4805 et
407 4736 480 4804 vido
494 4756 606 4823 supra,
619 4755 693 4820 pars
708 4734 747 4814 ll,
765 4754 834 4819 cap.
854 4754 902 4814 ιιι,
918 4735 980 4819 §b
