3314 5526
748 392 921 452 ,90-

199 537 346 616 refertur,
366 537 458 624 quasi
476 546 585 603 auctor
611 536 754 615 dixisset,
778 537 817 604 de
838 558 929 604 aare
952 557 1040 602 uscue
1057 535 1164 603 dicere
1186 520 1475 626 superuacaneum

197 634 338 710 videtur.
362 670 376 705 u
396 646 460 731 Ego
479 666 553 711 vero
569 665 626 711 cur
639 666 701 710 uon
717 643 756 710 de
769 644 888 711 uirtute
904 665 976 710 cum
983 642 1255 733 praetereundum
1265 645 1356 732 jungi
1370 646 1476 732 possit

198 748 392 819 nonvideo.³

245 889 258 919 a
278 861 362 941 Quid
378 869 484 927 autem
508 860 633 925 intersit
644 860 727 926 inter
743 859 956 926 accusativum
973 859 1100 946 objecti,
1114 870 1144 924 et
1157 859 1240 925 iuter
1255 865 1293 925 de
1304 860 1470 945 praeposit.

196 968 234 1034 ab
252 969 404 1054 Herzogio
429 967 505 1033 scite
525 969 731 1053 explanatum
746 978 804 1033 est.
822 967 945 1033 Etenim
961 966 1000 1033 de
1021 954 1224 1054 posito,'qua³
1238 966 1365 1037 dicendi
1386 969 1473 1034 ratio

195 1090 231 1154 τῷ
245 1085 278 1135 τὰ
293 1087 361 1156 περὶ,
377 1084 410 1135 τὰ
424 1086 470 1135 τοῦ
487 1082 554 1154 (τῆς,
571 1080 631 1153 τῶν)
643 1076 825 1142 Graecorum
839 1076 1019 1159 respondet,
1033 1074 1190 1159 objectum
1201 1095 1265 1141 non
1283 1095 1339 1161 pro
1349 1096 1420 1141 aaa
1437 1095 1472 1141 re

194 1193 250 1262 est,
259 1202 356 1269 quarn
370 1182 685 1267 praedicatumtotam
695 1184 935 1268 complectatur,
946 1182 1000 1248 sed
1011 1181 1139 1248 notione
1150 1181 1241 1266 quasi
1253 1180 1384 1248 diducta
1395 1191 1426 1248 et
1437 1183 1471 1249 in

194 1299 299 1374 partes
315 1290 421 1355 soluta
432 1285 634 1354 indefinitum
651 1289 853 1374 proponitur,
869 1290 914 1354 ita
930 1300 964 1355 ut
975 1310 1010 1355 ex
1027 1289 1412 1375 omuibus,'quaacumque
1429 1289 1471 1357 ad

194 1396 226 1461 id
242 1397 414 1481 pertinent,
436 1396 558 1483 singula
575 1397 692 1482 cuique
717 1396 906 1480 cogitatione
923 1396 1142 1482 amplectenda
1157 1396 1395 1481 permittantur.
1421 1422 1434 1456 ι
1453 1378 1469 1430 '¹

236 1503 271 1569 C.
300 1539 344 1552 -
365 1504 469 1569 Vunua
496 1510 649 1569 insecura
669 1525 784 1569 rosrra.
813 1541 854 1552 -
879 1505 1015 1570 Maxime
1040 1505 1120 1570 solet
1144 1503 1318 1570 Sallustius
1343 1503 1471 1590 objecta

192 1611 362 1677 verborum
378 1610 554 1676 activorum
570 1611 727 1689 omittere,
744 1610 770 1675 si
785 1631 822 1676 ea
836 1611 928 1676 lacile
944 1610 1078 1697 intelligi
1091 1610 1224 1696 possint,
1244 1611 1471 1698 interdumque

192 1717 297 1783 verbis
325 1717 435 1782 activis
461 1717 554 1782 modo
588 1717 716 1782 insolito
736 1717 933 1783 neutraliter
963 1718 1077 1797 utitur,
1106 1738 1200 1782 sensu
1234 1736 1470 1802 nonnunquam

192 1815 363 1910 paululum
384 1824 562 1916 immutato.
582 1824 620 1889 Et
639 1825 779 1910 primum
795 1825 834 1890 de
853 1825 958 1890 verbis
977 1845 1086 1912 apere,
1102 1823 1231 1912 apitare
1245 1823 1469 1891 disserendum

190 1931 330 1998 videtur.
810 1927 814 1934 ’

238 2041 270 2105 l⁰
298 2040 404 2107 Acran
431 2039 574 2105 absolute
591 2039 729 2125 positum
746 2038 908 2108 iuvenitur
922 2059 1016 2104 sensu
1031 2037 1144 2104 solito:
1162 2039 1232 2124 lug.
1250 2040 1308 2117 66,
1330 2045 1362 2116 6,
1378 2036 1472 2127 quod

191 2144 250 2211 ubi
265 2145 374 2212 Mario
389 2145 558 2235 capuitum
573 2158 630 2224 est,
648 2184 689 2194 -
703 2143 849 2211 consulto
865 2143 971 2210 leuius
987 2166 1099 2233 operm
1113 2145 1194 2211 Hist.
1213 2169 1248 2224 ιι,
1263 2148 1318 2223 66,
1331 2145 1365 2225 8,
1378 2147 1469 2233 cpite

189 2265 350 2319 utmouet
368 2253 432 2319 ira.
455 2254 502 2320 Cf.
524 2255 605 2319 Hist.
624 2255 739 2334 unsa,
761 2255 798 2334 33
818 2275 840 2330 t,
858 2255 918 2332 5t3
937 2253 991 2332 66,
1006 2262 1065 2318 etc.

232 2362 341 2427 Multis
361 2370 467 2426 autem
494 2360 570 2425 locis
595 2361 749 2444 peculiari
768 2380 802 2425 ac
818 2360 941 2425 detorta
960 2359 1192 2444 significatione
1209 2370 1383 2445 usurpatus
1407 2380 1467 2444 ap-

189 2478 292 2555 paret,
306 2469 419 2552 utlug.
434 2469 509 2545 tot,
523 2469 556 2545 6,
570 2477 640 2532 tum
652 2467 782 2533 Marius
790 2464 883 2554 apud
882 2465 1013 2554 primos
1025 2466 1148 2552 agebat.
1160 2466 1205 2550 (id
1217 2477 1263 2532 est
1265 2464 1459 2554 permundat,

187 2573 393 2658 versabatur)
406 2599 414 2654 ;
431 2575 511 2639 Hist.
530 2595 553 2651 1,
573 2575 606 2651 8,
627 2595 754 2662 semper
769 2573 804 2638 iu
832 2572 1010 2638 certamine
1025 2571 1186 2638 libertatis
1200 2584 1261 2638 aut
1273 2572 1388 2660 plort'ee
1403 2584 1468 2638 aut
1541 2645 1544 2650 ,

187 2679 422 2747 dominationis
433 2681 508 2765 agit,
524 2679 570 2766 (id
581 2691 798 2760 estimantur,
816 2678 1028 2763 vlvltpctlt.
1048 2702 1070 2758 ι,
1087 2681 1107 2746 9
1117 2705 1125 2760 ;
1142 2703 1164 2757 ι,
1177 2679 1466 2766 27311uasignifica

187 2789 272 2854 tione
284 2791 373 2871 (esse,
386 2809 419 2852 se
428 2786 679 2873 pererauioere)
690 2787 804 2872 saepius
816 2807 888 2852 cum
904 2786 1057 2872 adjectivo
1064 2787 1155 2873 jungi
1173 2789 1251 2853 solet
1264 2810 1271 2851 :
1284 2789 1354 2874 lug.
1372 2788 1428 2864 66,
1442 2788 1465 2853 2

185 2894 300 2959 ciuitas
316 2891 443 2982 trepida
459 2904 557 2958 autea
573 2905 604 2958 et
621 2892 764 2959 sollicita
784 2891 822 2958 a¹e
838 2890 915 2958 belli
934 2905 1050 2958 euentu
1068 2895 1140 2959 laeta
1161 2913 1265 2978 agere,
1278 2894 1333 2959 ubi
1351 2895 1464 2959 Herzo-

185 3002 255 3086 gius
270 3011 302 3066 et
316 3000 493 3066 Dietschius
507 2998 583 3066 lata
599 3011 736 3066 accusat.
749 3002 867 3085 plural.
887 3020 954 3066 esse
964 3001 1047 3065 male
1060 2999 1303 3085 judicaverunt3
1321 3000 1465 3066 Kritzius

185 3118 295 3174 contra
311 3109 454 3174 absolute
479 3109 616 3194 positum
638 3116 730 3193 putat
753 3118 783 3173 et
804 3107 925 3173 conlert
948 3109 1019 3194 lug.
1041 3109 1097 3187 89,
1115 3110 1148 3187 7,
1165 3107 1200 3173 ia
1220 3107 1313 3172 omui
1328 3109 1352 3173 A
1357 3106 1461 3194 frica,

184 3236 258 3302 qua
264 3213 389 3304 procul
401 3236 423 3279 a
437 3214 527 3280 mari
539 3213 695 3280 incultius
711 3214 833 3312 agebat,
852 3235 915 3300 quo
929 3215 1058 3325 quidem
1077 3217 1144 3281 loco
1158 3209 1254 3300 paulo
1272 3214 1462 3280 insolentius

183 3323 222 3390 de
238 3333 323 3388 terra
341 3322 462 3388 dictum
477 3322 615 3387 videtur.
636 3321 724 3387 aude
739 3323 818 3387 Hist.
830 3344 852 3400 1,
867 3322 922 3400 63,
939 3321 1129 3410 Maurique,
1146 3343 1270 3386 aeneam
1289 3342 1404 3409 pertua,
1423 3331 1464 3385 ut

183 3429 253 3494 alia
266 3429 403 3516 Africae,
417 3426 850 3516 contendebautrluttpodas
863 3428 952 3494 ultra
965 3428 1172 3516 AEtltiopiam
1181 3426 1271 3493 cultu
1280 3430 1461 3493 Persarum

181 3535 282 3621 justos
306 3547 339 3600 et
351 3537 492 3621 egregios
512 3556 620 3621 agere;
636 3557 671 3614 ιι,
689 3537 743 3614 60,
761 3538 793 3615 l,
809 3557 830 3600 a
845 3535 959 3623 prima
973 3533 1199 3627 ,adolescentia
1216 3534 1251 3600 in
1271 3555 1326 3599 ore
1349 3545 1459 3600 austro

183 3643 326 3728 privatus
344 3644 421 3709 etin
437 3643 675 3728 magistratibus
691 3643 751 3726 egi,
773 3643 827 3708 ulti
843 3653 874 3708 et
887 3642 1078 3728 adjectivum
1093 3654 1124 3708 et
1138 3642 1373 3708 substantivum
1386 3661 1459 3706 cum

183 3749 408 3835 praepositione
424 3750 578 3829 occurrit3
598 3771 631 3828 ιι,
657 3751 711 3826 66,
734 3750 766 3828 6,
792 3748 911 3814 utsiue
939 3747 1094 3815 dedecere
1113 3771 1188 3815 eum
1212 3747 1338 3814 civibus
1359 3747 1460 3834 sama

182 3868 213 3922 et
219 3855 366 3945 fortunis
380 3856 505 3943 irtteper
518 3878 617 3944 apem
633 3857 687 3942 (cf.
702 3857 801 3922 Tacit.
811 3857 916 3941 Agric.
928 3858 961 3934 6,
971 3856 1134 3944 simulque
1144 3855 1303 3944 aucircset
1314 3855 1459 3921 imeritus

182 3968 310 4052 apere);
326 3966 397 4049 lug.
416 3965 472 4043 66,
482 3973 514 4039 7,
530 3960 654 4029 divorsi
663 3961 817 4051 apebaut.
830 3965 943 4028 -Pro
953 3984 987 4028 se
996 3984 1108 4050 perere
1121 3964 1259 4049 positum
1269 3973 1315 4027 est
1326 3961 1457 4027 verbum

181 4092 279 4158 apere
292 4072 363 4157 lug.
381 4072 437 4148 98,
453 4072 490 4148 6,
506 4081 538 4135 et
551 4069 617 4159 ipsi
626 4069 722 4135 duces
734 4070 872 4157 sereret,
891 4069 971 4155 quia
986 4092 1053 4135 nou
1065 4070 1237 4157 superarat,
1251 4090 1315 4157 pre
1330 4067 1459 4134 victori-

174 4176 239 4250 ¹dus
256 4197 361 4262 agere,
375 4179 429 4243 ubi
447 4197 620 4262 pronomen
635 4197 701 4241 sese
712 4179 860 4261 supplere
871 4196 931 4241 uon
947 4188 1140 4256 necesseest,
1157 4196 1214 4241 nec
1228 4175 1457 4240 conterendum

179 4285 207 4348 J.
236 4284 293 4363 66,
316 4285 350 4363 6,
379 4295 472 4348 tauta
487 4281 669 4348 mobilitate
683 4303 749 4347 sese
768 4280 922 4350 Numidae
939 4294 1049 4368 agunt,
1067 4283 1122 4348 ubi
1143 4293 1225 4348 recte
1239 4282 1398 4347 Jordanus
1419 4301 1458 4346 ex
1534 4287 1547 4301 ‘

182 4391 368 4456 auctoritate
387 4391 577 4471 Parisiensis
593 4390 793 4475 aliorumque
813 4390 956 4456 codicum
970 4410 1036 4455 sese
1047 4400 1169 4477 perum
1182 4388 1308 4474 scripsit
1323 4387 1346 4452 ².

224 4497 258 4563 2⁰
281 4497 371 4576 Quod
391 4517 467 4563 vero
487 4497 526 4562 ad
542 4498 675 4563 verbum
693 4517 823 4562 aciruau
838 4496 963 4575 attinet,
978 4493 1247 4615 freqpentativam
1262 4495 1351 4563 illam
1366 4495 1456 4560 verbi

210 4667 233 4712 l.
250 4664 314 4712 Haec
325 4663 393 4726 apud
407 4662 630 4712 Badstuebnerum
646 4663 802 4713 invenimus.

209 4736 232 4783 2.
245 4736 284 4783 cl.
299 4734 530 4794 Badetuebuerum,
544 4749 620 4798 quam
630 4734 680 4784 hoc
693 4734 751 4784 loco
764 4735 845 4784 secuti
864 4750 963 4795 sumus,
975 4735 1069 4785 additis
1082 4742 1181 4786 tantum
1194 4736 1294 4800 paucis.
