3314 5526
724 403 925 460 -200-

183 568 257 614 nem
278 558 381 612 tamen
397 546 570 613 invenitur.
597 549 673 615 Nem
695 546 777 634 quin
793 548 910 634 legitur
933 547 1002 612 Cat.
1023 548 1077 626 35,
1094 548 1127 626 3,
1142 568 1208 613 nort
1224 547 1309 634 quin
1322 568 1369 614 aas
1384 546 1465 614 olie-

182 675 264 719 oum
278 652 359 719 meis
372 651 561 719 nominibus
575 674 616 725 en·
622 652 887 742 possessionibus
900 652 1024 720 solvere
1037 674 1181 742 possem,
1197 667 1230 720 et
1244 653 1251 689 ¹
1270 651 1397 720 olienis
1407 676 1465 721 no·

182 759 328 826 minibus
342 758 525 854 liberalitas
541 758 700 826 Orestillae
713 759 782 826 suis
788 759 933 850 filiaeque
948 759 1275 850 copiispersoloeret3
1293 759 1355 827 secl
1362 760 1464 850 quod,

180 867 237 933 nbi
254 867 433 933 Dietsclrius
447 876 478 932 et
491 867 654 933 lacobsius
665 886 701 932 ex
722 868 955 933 nonnullorum
973 867 1120 933 codicum
1135 868 1212 933 satis
1226 868 1390 934 bonorum
1406 868 1465 935 lide

182 993 251 1040 noo
270 970 393 1060 quio...
415 993 482 1057 reon
497 993 627 1061 possem
646 973 742 1040 scribi
760 975 945 1056 voluerunt,
967 972 1053 1059 quod
1072 973 1202 1061 quidem
1219 974 1401 1042 verisimile
1419 975 1466 1041 vi-

183 1081 289 1160 detur,
307 1099 408 1166 quum
423 1078 519 1146 iidem
534 1077 655 1146 codices
669 1080 725 1166 qui
740 1079 822 1168 quin
841 1079 991 1146 exhibent
1010 1082 1211 1167 negationem
1225 1102 1306 1161 non,
1323 1081 1465 1149 maximo

183 1206 294 1253 sensus
309 1186 510 1263 detrimento,
532 1186 714 1265 exhibeant,
737 1198 768 1254 ιι
786 1187 879 1253 facile
893 1185 920 1254 Α
935 1187 968 1253 ni
982 1188 1009 1254 N
1024 1187 1141 1254 mutari
1158 1189 1300 1274 potuerit
1314 1209 1335 1255 ι
1349 1189 1466 1257 scribis

184 1296 216 1360 in
230 1294 383 1360 vocabulo
398 1292 479 1381 quio
493 1293 695 1360 delineando.

226 1401 261 1467 ln
283 1401 364 1466 Hist.
386 1422 433 1477 ιιι,
455 1401 510 1479 82,
532 1402 587 1479 20,
609 1420 677 1487 quo
697 1401 836 1467 2triticea
849 1400 1004 1489 quamvis
1030 1399 1147 1491 amplo
1165 1402 1327 1489 quonium
1349 1401 1467 1469 serviti

176 1507 329 1600 pretium
348 1519 573 1588 ostentaretur,
588 1507 684 1597 eujus
699 1506 879 1596 torpedinis
889 1519 961 1574 erat
974 1505 1082 1596 decipi
1095 1519 1128 1575 et
1145 1521 1336 1576 vostrarum
1349 1531 1467 1576 rerum

183 1613 270 1680 ultro
290 1612 425 1703 injuria
445 1613 593 1703 qratiam
614 1612 753 1681 delere?
777 1616 996 1702 conjunctivus
1023 1617 1054 1680 in
1074 1615 1236 1682 enunciati
1256 1616 1287 1681 vi
1304 1616 1466 1684 conditio·

184 1722 249 1788 nali
266 1722 422 1788 rationem
436 1721 542 1798 habet,
559 1721 643 1808 quod
659 1721 704 1788 sic
717 1724 782 1787 lere
795 1721 948 1808 explicari
966 1732 1067 1807 potest
1084 1745 1091 1788 :
1109 1720 1182 1802 illo,
1199 1721 1334 1789 etiamsi
1348 1723 1469 1813 ampla

184 1839 275 1906 esset,
304 1837 435 1893 tontum
453 1825 551 1893 modo
569 1826 839 1916 seroitipretittm
855 1838 1090 1909 ostentaretur3
1117 1828 1278 1916 quoniam
1292 1828 1403 1918 iqitur
1419 1851 1469 1896 res

184 1935 232 2002 itu
248 1946 297 2001 est
310 1945 369 2000 etc.
391 1933 488 2001 Aliud
507 1937 689 2021 exemplum
707 1935 925 2012 laudabimus,
943 1935 1029 2022 quod
1049 1937 1193 2021 regulam
1213 1937 1470 2022 suprapositam

184 2042 342 2128 seqnitur,
364 2041 422 2107 etsi
439 2042 563 2126 negatio
578 2061 642 2108 non
659 2042 747 2107 adest
764 2065 772 2108 :
793 2044 862 2110 Cat.
892 2044 946 2122 ll,
968 2044 1000 2119 7,
1016 2040 1076 2108 secl
1088 2064 1129 2108 eo
1143 2041 1219 2108 aliis
1239 2041 1338 2109 relus
1356 2043 1471 2131 mopis

168 2142 288 2237 'quom
305 2146 397 2236 quod
418 2147 575 2237 cuiquam
603 2146 644 2214 td·
665 2160 870 2238 compertum
893 2149 995 2237 soret,
1025 2148 1095 2216 bac
1118 2148 1218 2237 famo
1246 2146 1401 2230 volebot;
1420 2151 1470 2216 hic

185 2256 269 2322 enim
290 2255 455 2340 negativus
479 2276 590 2322 sensus
614 2275 650 2320 ex
674 2265 741 2321 tota
761 2256 883 2343 periodi
899 2256 1184 2343 comprehensione
1198 2256 1331 2343 cogitari
1348 2265 1467 2343 potest.

185 2362 396 2428 ludicativum
410 2362 443 2427 in
458 2362 508 2428 his
522 2363 824 2442 constructionibus,
844 2363 936 2450 cujus
956 2363 1042 2448 apud
1058 2362 1243 2430 Ciceronem
1259 2363 1365 2449 ipsum
1385 2383 1469 2430 non-

186 2469 278 2536 nulla
292 2452 437 2553 exempla
452 2479 633 2558 occurrunt,
655 2469 829 2536 Sallustius
846 2489 908 2535 non
921 2469 1047 2535 videtur
1066 2489 1248 2556 usurpasse.

231 2573 469 2663 Coojurtotiocs
483 2576 579 2642 etiam
594 2576 627 2640 in
643 2575 843 2642 affirmativis
858 2575 1036 2643 enunciatis
1050 2595 1122 2643 cum
1135 2573 1226 2664 qaod
1238 2575 1470 2671 conjunctione

187 2683 261 2770 poni
283 2685 363 2748 solet
385 2704 392 2747 :

230 2791 263 2855 l⁰
284 2790 315 2854 Si
332 2809 427 2856 causa
442 2809 506 2855 non
522 2800 559 2856 ut
572 2809 658 2867 vera,
677 2789 731 2856 sed
746 2800 782 2855 nt
801 2790 992 2875 cogitatione
1008 2800 1132 2856 tantum
1146 2790 1377 2876 comprehensa
1395 2811 1468 2878 pro

186 2907 335 2983 ponatur,
362 2906 418 2961 ant
438 2897 464 2960 si
495 2914 558 2961 non
585 2896 760 2981 scriptoris,
788 2896 843 2960 sed
863 2897 970 2962 aliena
996 2896 1105 2981 opinio
1135 2896 1299 2974 afferatur,
1326 2907 1363 2962 ut
1386 2898 1464 2984 lug.

184 3005 239 3080 82,
258 3004 290 3083 3,
308 3023 411 3091 quam
435 3023 505 3069 rem
525 3000 588 3068 olii
607 3001 643 3068 ia
662 3000 850 3091 superbiam
871 3001 1055 3080 oortelront,
1072 3001 1135 3069 olii
1153 3001 1275 3069 bonum
1290 3001 1468 3092 inpertiam

184 3108 384 3177 contumelio
396 3130 568 3176 accensum
583 3129 661 3191 esse,
675 3107 776 3175 multi
793 3107 965 3198 quodjam
977 3121 1079 3197 porte
1093 3107 1234 3176 uictoria
1249 3131 1289 3176 ere
1307 3109 1470 3178 menibus

188 3216 388 3306 eriperetur,
401 3218 442 3282 cf.
457 3217 528 3302 lug.
547 3218 602 3297 25,
620 3219 657 3283 ll
675 3243 683 3295 ;
700 3217 756 3295 65,
773 3217 806 3281 2.
1431 3278 1436 3283 .

231 3326 266 3390 2⁰
284 3325 364 3390 Cum
383 3323 488 3390 verbis
508 3345 581 3410 quan
600 3324 881 3409 vituperationem,
903 3322 1045 3402 laudem,
1066 3325 1243 3409 querelam,
1258 3323 1470 3392 mirationem

185 3432 379 3517 significant,
396 3430 634 3517 conjunctivum
647 3431 797 3515 usurpari
815 3433 917 3497 solere
931 3442 1070 3511 constat3
1083 3432 1254 3498 Sallustius
1264 3451 1352 3509 vero,
1364 3452 1470 3518 quum

187 3539 396 3606 indicativum
418 3537 556 3610 adamet,
579 3538 818 3625 conjunctivum
837 3540 932 3603 semol
954 3549 1078 3604 tantum
1094 3540 1273 3625 usurpavit,
1290 3540 1362 3625 lug.
1381 3542 1416 3618 l,
1436 3542 1468 3618 l,

184 3644 274 3736 salso
294 3643 445 3731 queritur
464 3642 504 3710 de
522 3657 647 3711 natare
665 3666 728 3711 sao
746 3632 849 3732 ¹pertus
867 3643 1066 3726 humanum,
1083 3643 1174 3733 quod
1185 3643 1350 3712 imbecilla
1365 3656 1473 3734 utque

186 3752 251 3821 avi
265 3750 369 3817 brevis
382 3750 473 3838 sorte
484 3751 598 3840 potius
612 3773 714 3839 quom
728 3750 850 3817 virtute
863 3735 1014 3840 nepotum
1032 3764 1062 3818 et
1077 3752 1129 3818 hic
1141 3752 1271 3838 quidem
1286 3772 1344 3838 per
1356 3773 1472 3821 vocem

186 3858 275 3950 falso
293 3858 439 3925 innuitur
449 3879 510 3925 non
522 3859 642 3946 justam
656 3878 722 3924 esso
737 3861 877 3945 querelae
893 3879 1034 3939 causam,
1045 3880 1119 3946 quae
1132 3860 1258 3946 negatio
1270 3859 1471 3946 conjunctivi

188 3967 344 4035 rationem
361 3965 393 4031 in
414 3985 446 4030 sc
461 3966 568 4032 habet.
589 3965 628 4031 Αι
646 3966 778 4032 verbum
794 3963 909 4047 lecolo,
928 3967 1010 4033 Hist.
1034 3989 1081 4046 ιιι,
1099 3968 1154 4046 77,
1176 3968 1230 4045 tt,
1251 3986 1324 4032 cum
1341 3966 1473 4034 indica-

188 4075 252 4140 tivo
267 4072 430 4159 jungitur;
448 4093 568 4159 queror
582 4061 654 4139 cuni
667 4072 881 4158 conjunctivo,
898 4075 969 4160 lug.
986 4074 1041 4152 ts,
1060 4076 1092 4153 l,
1109 4073 1253 4140 oratione
1268 4073 1403 4159 obliqua
1418 4095 1474 4143 ex·

187 4179 344 4265 plicatum
367 4179 472 4245 miror
487 4190 542 4245 aut
556 4199 628 4245 cum
642 4179 818 4261 accusativo
828 4190 859 4247 ιι
876 4179 1032 4247 infinitivo
1043 4192 1101 4260 est,
1118 4181 1187 4247 Cat.
1207 4181 1262 4260 37,
1275 4181 1309 4260 8,
1326 4191 1384 4248 aut
1396 4202 1473 4249 cum

191 4285 378 4366 indicativo,
394 4287 475 4353 Hist.
496 4309 519 4362 1,
537 4288 591 4365 lii,
609 4287 642 4366 2,
663 4286 718 4353 uhi
738 4286 801 4374 qui
820 4307 877 4373 pro
896 4285 988 4375 quod
1003 4286 1029 4353 ii
1049 4288 1187 4374 positum
1205 4297 1264 4354 est.

219 4466 242 4512 t.
256 4463 271 4511 J
274 4461 387 4511 ordenus
402 4467 431 4512 ct
445 4461 535 4511 scribit
547 4475 594 4526 per
608 4460 797 4526 conjecturam
811 4458 960 4509 Dietsehius
976 4473 1040 4511 cum
1051 4460 1167 4520 sollicet,·
1181 4459 1340 4523 scripturam
1354 4457 1476 4523 optimo·

188 4549 247 4585 rum
261 4533 380 4612 codicum
394 4540 428 4591 et,
443 4548 520 4598 quam
534 4541 604 4583 recte
617 4531 734 4582 defendit
747 4531 863 4582 Wirzius
879 4531 937 4590 (loc.
953 4530 997 4582 cit.
1011 4546 1037 4595 p.
1051 4531 1086 4595 7),
1099 4545 1158 4580 cnm
1169 4529 1293 4580 Jacobsio
1305 4528 1476 4614 retinendam

189 4618 287 4655 censui.

217 4687 241 4734 2.
262 4683 336 4732 Hanc
359 4683 453 4733 Faerni
471 4683 667 4740 correctionem,
693 4697 740 4747 pro
756 4695 816 4747 qnae
839 4681 906 4743 quod
932 4681 959 4731 in
973 4681 1101 4732 Vaticano
1125 4684 1165 4729 est
1179 4686 1204 4728 et
1218 4694 1234 4729 a
1246 4679 1373 4730 lucohsio
1387 4681 1474 4733 mutto

187 4763 264 4820 atque
282 4753 366 4804 inutili
380 4755 470 4805 labore
484 4754 642 4814 detenditur,
656 4753 786 4804 londanus
798 4759 826 4803 ιι
839 4751 1029 4803 Dietschiusin
1042 4757 1140 4802 textum
1152 4749 1212 4817 jure
1226 4757 1391 4816 receperunt.
