3314 5526
732 436 930 495 -too-

195 579 279 653 alios
301 592 482 670 ternptnm3
498 601 573 669 opes
588 602 678 661 suas,
700 581 892 670 inparatam
911 581 1162 670 rempublicam,
1183 604 1308 673 mupna
1323 581 1476 674 p'ramta

195 686 436 775 conjurationis
454 684 579 753 docere.

209 775 219 867 s
238 795 273 861 8⁰
291 797 339 861 De
360 792 565 861 secundariis
588 793 783 861 mrcaciatis.
805 832 847 846 -
862 795 910 861 Ad
925 796 1096 861 enunciata
1106 796 1301 865 secundaria
1316 800 1403 885 quod
1424 810 1476 866 at-

196 903 287 981 tinet,
307 902 552 988 imperfectam
568 922 626 988 par
645 911 704 980 est,
722 901 747 968 si
768 900 878 968 eodem
895 911 1035 988 tempore
1053 923 1102 969 res
1117 913 1264 987 agantur,
1278 905 1474 993 plusquam-

195 1010 345 1095 perfecto,
363 1009 390 1074 si
407 1009 501 1094 plano
517 1009 665 1094 perlectae
688 1009 765 1090 sint,
791 1007 1027 1094 exprimuntur.
1050 1011 1273 1096 lmperlectum
1293 1022 1474 1098 usurpatur

192 1117 262 1201 lug.
281 1117 336 1195 20,
352 1116 395 1194 8;
414 1115 468 1194 33,
489 1115 544 1196 tl,
569 1135 604 1182 ao
630 1115 763 1203 saepius3
782 1114 1141 1202 plusquamperfectum,
1161 1118 1232 1203 lug.
1260 1120 1315 1196 lh,
1351 1128 1390 1199 43
1414 1121 1471 1199 tl,

193 1224 232 1303 53
247 1223 303 1302 89,
320 1224 351 1302 l;
369 1233 450 1303 etc.;
478 1233 652 1308 utrumque
678 1223 840 1289 invenitur
858 1224 928 1316 lug.
947 1224 1001 1304 55,
1023 1223 1056 1301 8,
1074 1244 1111 1288 ea
1139 1234 1283 1313 tempore
1297 1226 1471 1312 Inpartlza

189 1350 251 1418 per
273 1327 364 1396 collis
386 1329 491 1418 sequi,
513 1341 642 1418 tempas
662 1341 723 1394 aut
748 1327 855 1395 locam
874 1350 999 1419 paqaae
1018 1350 1174 1417 quarere,
1200 1351 1269 1418 qua
1288 1343 1470 1399 venturam

192 1436 318 1503 hostem
339 1438 496 1518 audierat,
514 1435 679 1525 pabulam
695 1447 729 1501 ct
742 1457 910 1524 aquaram
926 1435 1042 1524 sontis,
1064 1458 1206 1524 qaorum
1219 1438 1365 1526 penaria
1383 1450 1468 1517 erat,

192 1564 420 1632 conrumpere,
434 1541 531 1610 modo
545 1565 579 1609 se
598 1541 743 1623 Metella,
770 1541 937 1608 interdum
956 1543 1065 1608 illaria
1086 1543 1264 1626 ostendere,
1282 1557 1469 1634 postremos

191 1651 227 1716 ia
246 1650 379 1740 apminc
394 1661 553 1740 temptare
572 1670 611 1715 ac
624 1650 736 1715 statim
749 1649 784 1715 in
798 1648 889 1716 collis
902 1647 1044 1738 reprendi,
1066 1661 1144 1729 eto.;
1162 1641 1383 1739 imperfectum
1397 1673 1470 1720 con-

75 1780 78 1785 ·
188 1759 344 1845 junctivi:
360 1760 431 1843 lug.
456 1759 509 1836 ll,
531 1757 568 1835 8;
590 1759 645 1835 36,
668 1759 706 1836 23
726 1757 780 1836 37,
809 1759 845 1836 l3
865 1758 934 1825 Cat.
957 1757 1013 1837 39,
1030 1759 1062 1835 2,
1083 1768 1141 1823 etc.
1156 1780 1164 1836 3
1182 1769 1257 1838 eta,
1275 1760 1469 1846 plusquam.

193 1865 366 1951 perlectum
386 1876 491 1930 autem
507 1863 699 1949 conjunctivi
724 1864 830 1930 semel'
843 1873 967 1930 tantum
983 1884 998 1928 a
1017 1864 1170 1930 Sallustio
1185 1876 1375 1951 usurpatur,
1391 1868 1466 1954 lug.

191 1972 245 2051 58,
268 1973 300 2037 3.

223 2081 303 2145 ,lam
323 2079 482 2166 quomodo
499 2078 694 2145 inducantur
714 2077 864 2145 infinitivi
882 2077 1038 2156 historici,
1061 2079 1308 2165 etquaratione
1324 2078 1470 2147 habean-

191 2197 243 2253 tur
257 2186 446 2253 secundaria
461 2186 632 2253 enunciata
647 2185 786 2253 breviter
804 2185 1001 2271 disputatum
1012 2193 1079 2262 est3
1096 2205 1278 2270 quaeramus
1293 2167 1379 2253 none
1391 2207 1470 2273 quo-

191 2293 283 2360 modo
307 2293 431 2361 desinat
457 2313 493 2360 ac
513 2293 723 2359 concludatur
744 2291 977 2359 infinitivorum
996 2291 1128 2358 illorum
1154 2293 1268 2371 series:
1290 2292 1406 2360 deinde
1427 2293 1468 2362 de

189 2400 339 2487 subjectis
354 2400 522 2487 verbisque
538 2400 571 2466 in
588 2401 644 2466 hao
665 2400 896 2467 constructione
917 2398 1069 2484 adhibitis
1093 2419 1234 2485 agemus.

233 2509 268 2574 9⁰
291 2509 338 2574 De
356 2505 531 2574 collecticio
546 2505 739 2573 enuntiatis.
761 2542 806 2556 —
822 2505 993 2572 lnlrnitivis
1008 2505 1179 2584 historicis,
1192 2505 1437 2592 quidesrnilasf
1457 2546 1469 2558 ·

129 2641 141 2655 =
190 2616 252 2681 cies
267 2615 364 2681 unius
380 2624 435 2680 aot
448 2617 624 2680 multarum
644 2614 803 2680 actionum
827 2613 959 2678 alternis
975 2612 1097 2679 vicibus
1117 2612 1227 2679 eodem
1242 2623 1384 2700 tempore
1399 2635 1468 2681 suc·

188 2723 334 2788 cedentes
349 2722 516 2808 effingunt,
526 2720 614 2786 nane
628 2719 818 2804 simpliciter
832 2739 949 2786 novum
965 2720 1084 2786 lactum
1100 2719 1210 2807 adjicit
1220 2720 1368 2808 scriptor,
1378 2721 1467 2808 quod

167 2829 316 2917 -quidem
338 2830 527 2915 plerumque
542 2828 647 2892 evenit
662 2845 719 2892 nec
735 2826 833 2893 ullius
849 2826 1071 2911 explicationis
1087 2835 1173 2912 eget3
1191 2840 1284 2893 attae
1306 2847 1469 2907 summam

189 2956 295 3002 rerum
316 2934 348 3000 in
368 2954 469 3000 unum
486 2934 688 3012 contrahens,
713 2933 852 2999 breviter
871 2952 924 2998 eas
947 2953 1003 3019 per
1024 2953 1193 3000 commune
1213 2929 1386 3000 aut'latius
1405 2955 1468 3020 pa-

189 3054 256 3110 tens
276 3041 483 3109 enuntiatum
506 3041 638 3128 colligit,
660 3043 709 3108 vel
729 3041 827 3107 etiam
846 3039 935 3106 addit
956 3042 1113 3106 nonnulla
1137 3060 1210 3126 quae
1225 3040 1304 3126 quid
1318 3059 1356 3106 ex
1370 3060 1467 3107 enar-

188 3151 265 3216 ratis
278 3151 593 3235 rehusconsequatur
602 3146 958 3233 indicentlnejusmodi
971 3147 1151 3213 enunciatis
1163 3147 1467 3232 quotationeverha

187 3256 674 3342 hahendasint,operaepretium
684 3255 745 3321 orit
761 3255 1226 3342 perquirere.Grysarius(loco
1239 3253 1326 3320 laud.
1338 3275 1368 3340 p.
1383 3255 1465 3340 783)

186 3364 456 3431 verbumlinitum
475 3364 507 3430 in
523 3362 697 3429 collectivis
710 3361 891 3429 enunciatis
902 3381 1027 3446 semper
1038 3360 1175 3427 inveniri
1191 3361 1270 3426 falso
1285 3361 1464 3442 contendit,

187 3491 223 3537 ac
237 3491 294 3558 pro
308 3478 492 3557 argumento
504 3469 754 3536 affertesimium
770 3469 979 3535 illumlocum
994 3468 1153 3534 Ciceronis
1165 3470 1237 3554 (pro
1251 3468 1374 3547 Roscio,
1388 3487 1463 3554 cap.

186 3579 254 3663 38),
269 3579 300 3644 in
314 3597 377 3664 quo
391 3597 467 3644 sane
485 3577 641 3655 collectio,
660 3575 802 3642 adhibito
820 3584 959 3661 tempore
976 3574 1078 3655 linito,
1097 3575 1283 3661 praeclaram
1295 3583 1389 3662 atque
1402 3575 1465 3642 ele·

184 3696 310 3772 gentem
319 3685 454 3751 lormam
469 3684 585 3750 induit.
598 3683 659 3750 Sed
668 3683 752 3769 quod
763 3682 802 3748 ad
816 3682 1006 3749 Sallustium
1017 3682 1166 3768 pertinet,
1179 3681 1245 3747 haec
1257 3698 1463 3768 nequaquam

184 3793 283 3879 accipi
296 3801 397 3879 potest
410 3793 531 3878 opinio.
544 3791 651 3858 Etnim
667 3790 750 3856 inter
764 3802 894 3856 centum
910 3791 976 3856 lere
994 3791 1076 3855 locos
1090 3788 1144 3875 qui
1164 3789 1271 3873 plnres
1285 3787 1464 3855 infinitivos

185 3900 314 3978 hahent,
344 3897 464 3986 vipinti
479 3867 624 3986 qdiaqae
649 3897 861 3965 conclusionis
877 3897 1082 3963 enunciatum
1099 3895 1252 3981 praebent,
1283 3915 1323 3961 ex
1342 3895 1463 3982 quibus

184 4004 337 4073 randecim
364 4017 488 4072 tantum
519 4016 659 4093 tempore
685 4004 775 4071 linito
809 4004 1059 4080 concluduntur,
1100 4003 1165 4068 alia
1193 3999 1458 4089 quatuordecim,

186 4115 275 4200 (nam
289 4133 352 4180 non
376 4112 582 4198 excipiendus
601 4121 649 4179 est
665 4113 737 4198 lug.
762 4112 837 4189 l0l,
855 4112 909 4191 ll,
925 4111 979 4177 ubi
996 4109 1214 4176 nominatum
1230 4109 1376 4194 perlectis
1392 4130 1462 4195 pas·

183 4221 259 4288 sinis
269 4221 392 4308 juncta,
409 4221 559 4307 quaejam
575 4240 673 4305 supra
698 4217 867 4284 infinitivis
881 4216 1040 4284 historicis
1061 4236 1124 4282 non
1137 4214 1309 4282 dissimilia
1323 4235 1390 4281 esse
1405 4214 1460 4282 de·

182 4328 387 4408 claravimus,
415 4327 447 4393 iu
467 4326 637 4394 enuntiato
657 4325 820 4392 collective
844 4333 928 4391 stant
949 4324 986 4408 ¹),
1003 4322 1199 4390 infinitivum
1223 4321 1320 4388 etiam
1336 4321 1368 4386 in
1388 4340 1462 4387 oon·

214 4573 236 4619 l.
257 4569 324 4619 Tam
340 4564 528 4630 spectaculum
544 4561 716 4615 horribilem
728 4562 833 4626 cample
844 4559 1000 4624 patentibus
1013 4573 1018 4607 :
1030 4557 1114 4621 sequi,
1126 4556 1231 4622 supere.
1244 4555 1339 4618 oecldt,
1351 4559 1420 4620 capt,
1429 4580 1459 4594 -

182 4645 310 4704 postremo
329 4635 495 4700 omniaque
510 4635 580 4686 alsus
598 4637 666 4694 erat,
680 4635 819 4684 constrata
842 4630 908 4691 tells,
924 4636 987 4690 eto.;
1007 4628 1041 4679 el.
1057 4628 1120 4679 Tac.
1142 4626 1233 4691 agric.
1260 4629 1307 4676 at:
1324 4629 1380 4678 tum
1393 4639 1458 4679 aero

182 4719 335 4784 potentibus
344 4717 409 4769 laets
418 4716 522 4780 prande
533 4719 558 4767 et
571 4717 656 4765 atros
670 4710 870 4778 spectaculum:
881 4712 964 4774 secat,
973 4709 1131 4771 uolnerare,
1143 4720 1249 4772 capere,
1264 4707 1458 4771 atqueeosdem

182 4797 512 4850 chlothalttstractdoee.
981 4791 984 4795 ’
