3314 5526
725 401 921 457 -767-

185 541 339 606 clusionis
354 539 524 606 enunciata
541 541 699 626 praebent3
722 560 794 627 quae
815 539 945 626 quidem
965 540 1030 604 baec
1049 550 1125 605 sunt
1141 563 1148 604 :
1165 541 1234 606 Cat.
1255 540 1307 615 77,
1331 541 1369 617 6;
1384 542 1456 626 lug.

188 648 241 726 33,
264 648 300 724 3;
323 647 377 725 79,
408 648 444 723 t;
466 647 520 725 92,
542 648 575 725 2,
601 647 654 713 ubi
677 647 835 732 particula
848 657 1018 734 postremo
1039 647 1226 727 adhibetur3
1247 649 1318 732 lug.
1344 648 1399 728 23,
1418 651 1432 714 l
1452 673 1459 726 ;

188 756 243 834 66,
262 764 300 835 7;
318 755 373 832 76,
394 757 425 829 lv,
448 755 501 820 ubi
514 774 672 842 prorsus3
693 755 764 838 lug.
784 754 838 833 36,
856 755 897 831 7,
915 754 971 832 69,
986 754 1023 831 3;
1042 754 1096 832 72,
1113 754 1147 834 2,
1165 753 1387 842 ubiitu31ng.
1405 756 1460 834 39,

188 864 225 941 23
245 862 300 940 79,
319 863 352 941 7,
373 858 591 947 6677667666.
615 859 777 927 talamus
790 863 861 945 lug.
886 860 962 936 773,
978 861 1012 939 2,
1032 861 1085 926 ubi
1103 861 1259 946 peculiari
1282 861 1373 928 modo
1387 883 1463 929 con-

187 969 352 1035 cluditur:
370 966 517 1033 Boeeleus
534 965 666 1033 Sullam
686 964 795 1046 reoda,
812 964 910 1033 modo
923 965 1099 1056 Iugurtha
1116 965 1263 1056 legatum
1278 966 1462 1058 appellare,

190 1074 326 1163 benique
340 1073 474 1155 77677676,
489 1071 575 1139 idem
590 1071 751 1139 ambobus
757 1071 924 1162 polliceri.
943 1072 999 1139 Illi
1009 1073 1140 1162 pariter
1153 1073 1223 1141 laeti
1235 1096 1274 1140 66
1287 1074 1360 1165 spei
1373 1074 1465 1143 667767

185 1180 276 1270 pleni
289 1203 365 1247 esse.
384 1182 484 1266 Igitur
510 1181 567 1246 illa
590 1185 757 1247 enuntiata
778 1203 797 1246 a
815 1182 973 1267 particula
997 1181 1191 1247 collectionis
1215 1183 1464 1250 conclusionisve

192 1289 331 1374 incipere
345 1290 446 1354 solere
462 1287 735 1374 perspicuumest,
748 1287 975 1375 quodquidam
989 1288 1019 1353 in
1032 1287 1111 1353 locis
1127 1288 1181 1353 ubi
1199 1298 1322 1374 tempus
1339 1289 1464 1356 linitum

191 1394 373 1474 adhibetur,
387 1395 524 1480 exceptis
539 1405 684 1482 qetatuor
696 1404 819 1460 tantum
837 1394 918 1479 (Cat.
932 1395 988 1472 60,
1002 1396 1039 1475 7;
1055 1394 1108 1473 73,
1126 1395 1163 1473 3;
1175 1396 1246 1480 lug.
1260 1395 1315 1474 96,
1329 1397 1368 1475 3;
1387 1398 1464 1475 773,

191 1503 239 1588 2),
265 1501 300 1566 777
325 1501 486 1567 similiter.
514 1502 552 1567 Et
569 1500 774 1587 illaquidem
796 1497 947 1567 ceciderim
967 1500 1122 1567 baecsunt
1143 1523 1151 1566 :
1176 1501 1244 1567 Cat.
1271 1503 1324 1580 73,
1347 1503 1384 1583 3;
1408 1506 1465 1585 25,

190 1609 439 1692 5;60‚t;tug.
458 1607 1409 1689 38,5;tt‚5;tb,e;55‚2;tttt,a;7t‚t;9t,5;96,
1431 1612 1463 1677 3.

234 1715 407 1781 Sallustius
428 1714 537 1798 igitur,
566 1734 666 1800 quum
689 1715 720 1780 in
737 1713 854 1780 talibus
882 1713 1061 1781 enunciatis
1086 1714 1279 1782 7676777766
1303 1715 1465 1798 adhibeat,

191 1841 302 1887 novam
320 1821 481 1887 notionem
495 1821 590 1885 latius
606 1830 765 1905 patentem
785 1819 875 1887 addit
889 1820 1161 1900 antecedentibus,
1180 1820 1223 1886 776
1239 1830 1274 1887 67
1289 1822 1467 1911 singulares

193 1929 326 1994 actionis
342 1928 436 1994 facies
451 1928 542 2014 quasi
560 1928 693 2012 simplex
709 1937 740 1992 et
754 1947 819 1993 una
835 1929 921 1993 notio
931 1927 1141 2018 concipienda
1155 1928 1209 2007 sit,
1220 1928 1271 1995 667
1287 1945 1469 2017 6666776767

194 2038 225 2101 76
241 2034 385 2101 eamdem
408 2035 542 2100 formam
570 2053 719 2119 expressa
742 2034 907 2100 collectiva
926 2035 1014 2100 trotio
1023 2059 1031 2115 3
1060 2045 1155 2122 atque
1177 2035 1273 2122 bajus
1302 2047 1468 2106 structurae

195 2145 239 2207 ita
259 2141 419 2207 studiosus
439 2151 497 2219 667,
524 2148 558 2205 67
577 2141 674 2205 etiam
694 2130 730 2205 76
750 2161 815 2206 666
832 2141 911 2216 1666,
938 2142 992 2207 ubi
1015 2141 1154 2207 actiones
1171 2143 1349 2229 singulares
1369 2145 1468 2218 7767776

196 2248 391 2334 temporibus
406 2264 561 2332 67676666
584 2248 659 2323 6767,
683 2246 714 2311 76
738 2247 941 2313 66667667666
962 2246 1121 2312 infinitivo
1147 2258 1257 2314 utatur
1282 2249 1431 2317 historico
1459 2275 1466 2316 :

193 2356 265 2441 lug.
283 2355 337 2433 65,
361 2355 393 2430 5,
411 2352 525 2440 itaque
546 2363 579 2417 et
594 2351 690 2417 illum
710 2363 743 2417 et
760 2352 882 2440 equites
901 2354 1078 2433 7766767766,
1093 2353 1214 2420 milites
1235 2365 1267 2420 et
1286 2356 1468 2445 7766667676·

194 2483 256 2542 res,
274 2459 357 2526 alios
368 2459 446 2548 ipse,
460 2459 634 2548 plerosque
645 2457 740 2547 pacis
752 2479 823 2548 spes
838 2457 955 2548 irtpelli
970 2512 978 2538 ,
996 2458 1048 2525 uti
1065 2461 1204 2527 Romam
1221 2459 1267 2526 ad
1278 2483 1354 2528 suos
1366 2485 1468 2530 raeces·

193 2567 299 2634 sarias
323 2585 438 2656 aspere
459 2565 493 2631 ia
514 2563 683 2632 Metellum
702 2562 742 2630 de
767 2563 850 2630 76776
874 2564 1036 2647 scribant,
1062 2566 1211 2634 Marium
1237 2567 1469 2658 imperatorem

108 2693 109 2696 ’
192 2684 343 2764 poscant.
360 2673 415 2740 Sic
431 2671 512 2739 illia
524 2670 637 2739 meeltis
647 2670 843 2758 mortalibus
853 2671 1089 2739 honestissuma
1099 2672 1342 2764 suffragatione
1355 2698 1469 2743 6677677-

196 2782 284 2848 latus
293 2778 481 2870 petebatur.
498 2776 612 2846 Simul
627 2799 667 2844 ea
686 2789 875 2868 tempestate
882 2777 992 2867 plebs,
1007 2778 1179 2845 nobilitate
1192 2781 1274 2868 fusa
1287 2783 1469 2872 perlegam

195 2886 408 2968 Mamiliam,
430 2908 530 2953 776666
551 2883 739 2952 extollebat.
764 2888 815 2950 Ita
835 2884 944 2953 Mario
968 2897 1085 2952 67777676
1107 2888 1288 2972 procedere.
1315 2891 1373 2956 llic
1395 2912 1474 2957 sanc·

197 2994 235 3061 dc
258 2995 354 3062 variis
376 3014 411 3060 ac
435 2993 652 3081 singularibus
671 3003 717 3052 τοῦ
738 3003 856 3058 cuncta
872 2989 1048 3080 procedere
1073 2993 1226 3073 faciebus,
1253 2976 1406 3083 tanq⁰uam
1427 2998 1470 3064 di·

198 3102 295 3168 versis
312 3102 389 3167 locis
403 3100 498 3166 simul
517 3118 552 3165 66
566 3119 622 3185 per
636 3108 704 3164 acta
718 3099 807 3164 varia
822 3099 1010 3176 manifestis,
1027 3099 1186 3185 cogitabat
1201 3101 1337 3187 scriptor
1351 3114 1468 3170 noster.

243 3210 298 3276 l0⁰
320 3211 368 3273 De
388 3205 554 3294 subjectis.
578 3243 618 3254 -
642 3205 732 3272 Nunc
752 3205 791 3270 ad
817 3205 959 3292 subjecta
988 3205 1221 3272 inlinitivorum
1248 3208 1470 3278 historicorum

198 3315 374 3382 76676666.
392 3315 498 3393 Quum
519 3333 556 3379 ea
573 3311 732 3379 infinitiva
752 3311 906 3377 nonnisi
932 3312 964 3377 in
988 3312 1166 3379 enunciatis
1189 3315 1350 3400 primariis
1370 3337 1472 3404 neque

198 3421 342 3489 obnoxiis
360 3432 540 3496 versentur,
560 3420 707 3506 sequitur
725 3428 760 3484 ut
774 3414 952 3504 subjectum
967 3437 1091 3505 semper
1109 3421 1307 3488 nominativo
1322 3443 1397 3489 casn
1419 3446 1472 3510 po-

198 3527 338 3594 nendum
358 3527 410 3593 sit.
428 3526 527 3613 Cujus
541 3545 616 3592 vero
631 3524 755 3612 generis
768 3544 834 3590 esse
851 3525 962 3610 possit,
978 3535 1073 3610 alque
1088 3536 1196 3592 utrum
1211 3549 1293 3594 unus
1309 3549 1348 3595 an
1366 3532 1473 3618 plures

199 3633 309 3701 adesse
328 3634 475 3713 debeant,
493 3652 593 3718 quum
613 3633 721 3718 plures
746 3630 898 3703 infinitivi
923 3643 1103 3713 occurrant,
1129 3633 1167 3700 de
1185 3635 1224 3699 iis
1250 3636 1317 3722 jam
1340 3637 1473 3724 quaestio

200 3737 639 3807 instituendaessevidetur.
1486 3818 1491 3826 ,

243 3848 276 3914 Si
298 3847 469 3934 diligenter
485 3846 567 3911 locos
585 3844 798 3912 Sallustianos
818 3845 1004 3930 inspexeris,
1020 3844 1192 3911 maximam
1208 3857 1328 3933 partem
1351 3850 1473 3937 subjec-

199 3958 304 4022 76766
326 3951 504 4019 6676766776
519 3951 661 4038 praebere
682 3951 774 4018 766776
793 3951 989 4036 cognoveris,
1013 3951 1097 4037 qnod
1120 3972 1158 4018 ex
1183 3962 1297 4019 667676
1321 3975 1357 4020 66
1379 3976 1470 4022 66666

199 4061 340 4129 historici
368 4058 518 4126 infinitivi
535 4057 752 4143 consequitur,
769 4077 882 4144 eaque,
898 4058 923 4123 si
954 4058 1093 4144 excipias
1107 4060 1177 4145 lug.
1197 4060 1251 4138 50,
1274 4061 1308 4140 6,
1326 4062 1381 4127 ubi
1397 4061 1476 4149 equi

200 4167 394 4247 7676676767,
417 4184 568 4252 personas
582 4184 708 4250 semper
721 4183 800 4244 esse,
818 4182 902 4230 nunc
917 4164 1055 4250 propriis
1076 4175 1131 4231 aut
1150 4167 1355 4253 appellativis
1369 4170 1475 4236 nomi-

199 4275 306 4354 nibus,
323 4293 408 4341 nunc
427 4271 526 4339 finitis
541 4279 596 4338 aut
611 4270 746 4337 7777767776
761 4269 1018 4357 pronominibus,
1035 4280 1094 4337 aut·
1105 4271 1202 4338 etiam
1218 4273 1353 4341 infinitis
1368 4295 1475 4343 nume·
1516 4288 1520 4297 ·

202 4378 725 4463 76177766666767666676766666.
754 4377 840 4442 Inter
859 4395 1069 4462 personarum
1097 4380 1298 4463 pronomina,
1329 4383 1475 4450 secunda

202 4507 344 4574 66766666
360 4504 546 4573 67666666,
567 4477 605 4550 67
614 4504 672 4570 667
686 4494 745 4562 667,
763 4503 920 4570 nusquam
935 4502 1036 4568 neque
1053 4484 1138 4569 apud
1152 4486 1355 4568 Sallustium,
1373 4510 1476 4577 neque

202 4593 286 4680 apud
309 4595 388 4659 alios
403 4591 571 4683 scriptores
586 4589 765 4668 invenitur3
791 4591 901 4676 67766
923 4607 996 4654 7676
1022 4574 1163 4676 personae
1184 4612 1372 4678 pronomen,
1390 4597 1475 4683 qnod

203 4722 221 4765 6
249 4711 356 4766 666776
383 4690 510 4765 6667676
536 4716 599 4762 666
627 4703 815 4781 666766767,
847 4715 919 4761 7676
948 4699 1034 4782 apud
1062 4695 1246 4765 Ciceronem
1272 4700 1474 4769 Terentium·

541 4804 544 4810 '
1301 4810 1328 4860 77
