3360 5528
733 423 933 481 -tao-

196 567 317 635 additis
344 567 471 634 ancilia
485 568 637 654 perfugis,
656 568 741 653 quod
761 564 876 652 genus,
904 567 985 633 Hist.
1013 589 1035 646 ι,
1049 568 1104 646 75,
1117 568 1174 643 77,
1189 565 1255 632 nisi
1264 567 1353 655 sorte
1368 565 1474 654 specie

195 677 372 743 concordiae
387 686 420 740 et
444 675 541 761 pacis,
558 696 629 761 quae
651 710 696 724 -
716 675 847 741 nomina
868 672 1004 753 indidit3
1021 676 1092 760 lug.
1117 675 1172 753 75,
1198 675 1231 752 6,
1257 695 1299 739 ea
1324 673 1470 752 flumine,

196 804 292 869 quam
305 803 512 872 proxumam
527 779 648 870 oppido
668 802 784 868 aquam
799 802 865 847 esse
883 802 985 869 supra
1006 778 1164 846 dicimus.
1184 781 1231 847 Ab
1251 790 1352 846 totum
1368 799 1469 846 enun-

194 891 313 957 ciatum
331 890 467 956 relectus
482 889 714 954 substantivum
730 891 801 974 lug.
818 889 872 968 37,
890 890 921 966 7,
940 890 977 954 P.
996 886 1153 954 Lucullus
1168 900 1199 952 et
1213 890 1248 952 L.
1268 886 1399 953 Annius
1419 885 1474 952 tri·

197 996 279 1063 bani
293 995 400 1086 plebis
418 994 640 1061 resistentibus
655 994 797 1084 canleqis
811 994 1005 1060 continuare
1014 998 1249 1083 mapistratuno
1263 992 1469 1072 nitebantur,

196 1125 267 1191 quae
282 1104 435 1169 dissensio
452 1105 550 1168 totius
565 1100 647 1167 arani
657 1101 791 1168 comitia
802 1099 1021 1191 impediebam
1041 1102 1115 1166 item
1127 1104 1154 1167 l.
1173 1103 1205 1181 5,
1216 1104 1249 1179 7,
1266 1099 1473 1188 debincquia

196 1209 426 1298 tuncprincurn
439 1207 601 1297 superbia
615 1207 797 1274 nobilitatis
812 1207 943 1273 obviarn
963 1207 1047 1274 itum
1060 1219 1117 1286 cst,
1131 1229 1203 1294 quae
1216 1208 1389 1284 contentio,
1410 1218 1468 1273 etc.

240 1317 429 1384 2⁰Pristinae
445 1317 567 1382 relativi
585 1317 744 1382 enunciati
759 1317 866 1381 lormao
887 1315 1018 1401 vestigio
1035 1327 1201 1403 apparent,
1220 1314 1273 1381 ubi
1296 1315 1472 1381 substanti-

196 1444 304 1491 vuma
324 1424 570 1490 demonstrativo
593 1423 625 1488 in
649 1423 818 1488 relativum
838 1423 1043 1488 enunciatum
1069 1423 1193 1502 transit,
1220 1432 1251 1488 ct
1271 1422 1378 1487 eodem
1397 1441 1472 1489 casu

197 1553 259 1616 quo
276 1531 444 1596 relativum
466 1549 638 1615 pronomen
658 1530 803 1614 ponitur3
825 1540 899 1594 tunc
921 1529 1155 1594 substantivum
1170 1529 1203 1594 in
1224 1528 1473 1594 demonstrativo

196 1639 364 1705 enunciata
383 1627 566 1703 'detractum
586 1637 721 1702 videtur.
748 1637 840 1720 Apud
867 1636 1057 1702 Sallustium
1077 1637 1142 1701 haec
1167 1636 1311 1721 exempla
1335 1637 1399 1700 lere
1419 1655 1472 1700 oc-

196 1756 330 1811 currunt
351 1768 358 1808 :
380 1746 450 1829 lug.
471 1746 525 1823 77,
543 1746 575 1823 7,
596 1741 655 1808 sed
669 1764 742 1830 qua
756 1742 828 1809 loca
844 1756 876 1808 ct
889 1743 1038 1808 nationes
1054 1741 1093 1807 ob
1113 1741 1256 1808 calorem
1271 1753 1331 1807 aut
1344 1741 1475 1831 aspari-

198 1863 311 1930 tatem,
337 1850 413 1916 item
433 1848 625 1915 solitudines
644 1849 754 1916 minus
775 1851 988 1938 frequentata
1011 1861 1098 1926 stant,
1120 1848 1160 1914 de
1188 1848 1232 1914 eis
1258 1846 1352 1914 baud
1372 1847 1477 1936 facile

197 1969 400 2047 compertum
410 1956 633 2034 narraverim
648 1959 674 2023 l.
698 1958 752 2034 76,
769 1959 801 2034 6,
819 1968 850 2022 et
863 1978 947 2044 pctus
960 1956 1039 2021 uicti
1055 1954 1098 2021 ab
1116 1955 1262 2022 bostibus
1269 1977 1389 2045 panas
1404 1976 1475 2020 rne-

199 2075 343 2141 tuerant,
370 2085 425 2129 eas
448 2063 515 2152 ipsi
533 2063 674 2128 volentes
689 2061 910 2152 perpendere3
934 2065 960 2129 J.
985 2064 1039 2139 79,
1059 2066 1090 2141 b,
1112 2083 1177 2149 pua
1203 2063 1237 2127 ln
1260 2062 1329 2127 loco
1344 2061 1477 2127 intense

198 2170 286 2237 oboli
296 2171 448 2258 fuissent,
470 2170 497 2236 is
512 2170 693 2236 communis
712 2169 883 2258 utriusque
893 2170 1014 2259 populi
1023 2169 1101 2259 finis
1114 2168 1306 2247 baberetur3
1326 2169 1478 2235 similiter

198 2281 267 2345 Cat.
285 2279 340 2358 57,
360 2279 421 2358 77;
437 2280 490 2354 67,
513 2280 533 2343 7
550 2278 571 2342 ¹.
595 2280 692 2344 Multo
712 2278 827 2364 saepius
842 2278 939 2343 etiam
960 2277 1121 2343 invenitur
1140 2277 1332 2342 constructio
1350 2277 1477 2342 inversa

201 2383 317 2474 pui—
331 2384 370 2462 is,
392 2385 430 2450 de
451 2385 594 2471 personis
617 2385 713 2464 dicta,
737 2385 828 2470 cujus
848 2385 1017 2450 innumera
1034 2385 1179 2468 exempla
1200 2384 1332 2448 laudare
1360 2403 1478 2469 super-

201 2511 377 2558 vacaneum
390 2492 442 2556 sil.
1173 2549 1179 2561 ,

244 2606 277 2664 3⁰
299 2599 419 2664 Nomen
437 2618 509 2664 vero
524 2599 716 2684 appositum,
734 2619 770 2663 ox
783 2619 845 2685 quo
862 2599 1030 2664 relativum
1046 2598 1251 2663 enunciatom
1268 2597 1405 2683 pendere
1420 2596 1473 2662 de·

199 2707 283 2782 beat,
305 2705 337 2769 in
353 2706 411 2770 hoc
422 2705 591 2770 enunciata
606 2705 674 2789 ipso
692 2705 846 2770 insertum
860 2699 1098 2791 occurrit'apud
1116 2705 1318 2783 Sallustium,
1336 2716 1372 2769 ut
1388 2703 1476 2789 apud

199 2825 330 2890 ceteros,
355 2811 541 2896 plerumque
556 2831 628 2876 cum
649 2812 855 2877 substantivis
874 2833 936 2889 res,
959 2832 1074 2899 penus,
1093 2812 1271 2886 similibus;
1294 2811 1378 2896 quod
1398 2830 1477 2876 con-

198 2921 380 2985 structionis
399 2937 496 3001 genus
510 2937 547 2983 er
571 2903 627 2982 illo
641 2918 679 2983 de
699 2938 762 3003 quo
777 2939 875 3003 supra
894 2919 1128 3004 disputavimus
1143 2918 1388 2984 discernendum
1414 2928 1472 2983 est.

243 3028 277 3091 7ο
300 3024 443 3090 Notanda
467 3025 592 3090 videtur
606 3035 776 3103 structura,
799 3026 854 3090 etsi
878 3046 940 3091 non
958 3027 996 3091 ab
1025 3047 1084 3091 usu
1102 3027 1224 3111 vulgari
1243 3027 1336 3110 plane
1353 3026 1474 3103 aliena,

202 3132 374 3219 praesertim
400 3132 692 3217 apudCiceronem,
719 3132 773 3217 qui
799 3143 902 3198 tamen
934 3152 1105 3217 pronomen
1132 3132 1301 3197 relativum
1325 3131 1385 3218 pui
1404 3143 1477 3196 tan-

201 3240 362 3305 tummodo
383 3239 527 3316 adhibet3
550 3250 650 3304 exstat
671 3239 799 3324 quidem
823 3241 893 3326 lug.
920 3240 974 3316 37,
992 3241 1047 3319 77,
1068 3249 1199 3304 namet
1224 3237 1300 3318 illis,
1317 3249 1477 3324 quantum

200 3346 449 3436 inportunitatis
471 3344 605 3424 babent,
626 3367 753 3433 parurn
777 3356 824 3411 est
845 3345 969 3434 irtpune
985 3345 1208 3430 malefecisse,
1231 3346 1284 3410 ubi
1311 3356 1476 3432 quant-tun

202 3455 298 3539 paulo
317 3454 507 3518 insolentius
529 3453 637 3536 eadem
666 3462 825 3519 structura
839 3464 1014 3538 usurpatur
1029 3474 1092 3538 qua
1109 3472 1281 3538 pronomen
1297 3451 1369 3539 qui,
1388 3453 1419 3516 in
1438 3453 1476 3517 iis

201 3561 380 3626 enunciatis
404 3560 532 3644 quibus,
552 3581 605 3645 pro
628 3560 767 3624 ablativo
787 3561 951 3645 qualitatis
971 3562 1019 3624 vel
1044 3560 1127 3625 modi
1151 3561 1181 3623 in
1205 3559 1357 3643 primaria
1372 3579 1477 3624 enun-

201 3666 336 3731 ciatione
353 3667 474 3750 posito,
491 3685 604 3730 nornen
624 3667 816 3731 abstractum
836 3667 1032 3731 norninativo
1052 3667 1098 3730 vel
1117 3667 1255 3730 ablativo
1275 3684 1349 3730 casu
1368 3665 1398 3729 in
1426 3686 1477 3730 re·
1528 3703 1543 3745 ‚

202 3774 301 3838 lativa
317 3773 541 3838 enunciatione
559 3793 614 3858 per
638 3773 868 3858 appositionem
893 3774 1052 3839 inseritur.
1076 3773 1124 3839 Cf.
1153 3774 1256 3838 Plani.
1280 3771 1379 3838 Stich.
1397 3792 1419 3848 1,
1440 3773 1475 3845 7,

201 3880 256 3959 67,
279 3889 405 3966 quanta
420 3900 494 3944 inea
507 3878 672 3968 sapientia
691 3890 747 3944 est.

247 3988 281 4051 5⁰
306 3986 498 4065 Relatiruro,
520 3987 604 4071 quod
619 3987 662 4051 'in
679 3988 779 4051 altero
803 3969 971 4052 enunciata
993 3986 1056 4052 alio
1075 4007 1148 4051 casu
1164 3986 1237 4070 poni
1258 3985 1397 4061 deberet,
1421 3987 1479 4050 ali-

202 4093 326 4179 quoties
341 4093 527 4158 omittitur:
550 4094 620 4178 lug.
639 4094 691 4169 ll,
711 4093 764 4171 76,
792 4092 904 4158 omnia
931 4114 1004 4180 puae
1027 4091 1214 4171 autentici,
1231 4103 1292 4157 aret
1312 4112 1353 4156 ea
1375 4112 1480 4157 neces

200 4199 299 4265 soriis
322 4197 462 4264 advorsa
481 4199 576 4287 sacta
597 4210 690 4275 sunt;
713 4200 767 4279 37,
795 4200 849 4277 78,
866 4198 956 4286 quud
968 4200 1143 4287 mapisuos
1162 4198 1279 4287 fecisse
1293 4220 1393 4286 patant
1410 4197 1481 4266 illis

203 4304 356 4372 accidisse
374 4304 549 4394 indipnunt
564 4317 624 4383 est;
651 4308 724 4386 767,
742 4308 774 4386 5,
797 4327 878 4393 quos
902 4305 1007 4373 Volua
1018 4306 1109 4394 filius
1124 4305 1195 4394 ejus
1209 4303 1407 4384 adduxerat,
1425 4327 1481 4372 ne·

203 4434 266 4501 que
280 4411 440 4501 inpriore
455 4433 571 4500 pupna
585 4411 619 4477 in
639 4411 754 4477 itinere
768 4412 892 4478 morati
909 4411 1110 4502 adfuerant3
1137 4415 1205 4480 Cat.
1224 4413 1276 4486 73,
1298 4414 1331 4488 7,
1353 4410 1482 4501 quippe

203 4540 286 4606 qtcas
302 4519 433 4585 boneste
447 4517 568 4585 babere
581 4518 711 4600 licebat,
727 4518 823 4585 abuti
840 4542 902 4608 per
917 4518 1156 4608 turpitudinem
1165 4518 1417 4609 properabant3
1436 4521 1478 4586 cl.

234 4701 256 4746 7.
274 4695 368 4768 Mirum
382 4701 423 4745 est
437 4696 517 4759 igitur
530 4696 598 4758 quod
613 4696 730 4760 Draeger
745 4696 822 4757 (Hist.
836 4696 908 4758 Synt.
923 4711 951 4756 11,
967 4712 992 4759 p.
1006 4697 1062 4760 777)
1076 4696 1142 4744 hane
1155 4695 1371 4744 constructionem
1385 4693 1413 4744 in
1424 4695 1483 4746 Sal-

200 4767 274 4816 lustii
290 4767 363 4816 libris
375 4766 467 4816 deesse
479 4767 626 4816 affirmavit.
