3314 5526
549 829 943 950 PRAEFATIO.

654 1185 837 1192 μ*-

155 1500 220 1566 Etsi
234 1500 301 1585 jam
321 1510 394 1566 ante
407 1520 457 1566 me
475 1501 568 1567 multi
594 1499 653 1566 viri
670 1499 842 1566 doctissimi
857 1499 896 1566 de
915 1520 1029 1586 genere
1045 1500 1170 1568 dicendi
1194 1503 1382 1570 sallustiano

109 1636 191 1691 recte
206 1624 438 1712 diligenterque
455 1624 711 1711 disputaverunt,
728 1635 833 1690 tamen
851 1626 979 1691 nullum
998 1645 1064 1691 esse
1083 1635 1171 1712 puto,
1193 1626 1248 1712 qui
1273 1627 1304 1693 in
1325 1628 1383 1694 hac

108 1739 283 1835 quaestione
304 1748 469 1815 tractanda
484 1748 594 1814 eadem
611 1748 732 1814 ratione
746 1769 822 1815 usus
838 1760 879 1814 stt
893 1770 964 1835 quae
987 1749 1067 1815 mihi
1084 1749 1206 1836 optima
1224 1751 1293 1817 risa
1308 1762 1355 1817 cst
1372 1775 1379 1815 :

107 1874 210 1952 Quam
225 1873 355 1958 quidem
370 1873 454 1939 viam
473 1874 632 1960 ingressus
655 1882 702 1939 est
716 1875 893 1959 Draegerus
910 1874 1056 1961 inlibris
1083 1875 1137 1960 qul
1165 1875 1383 1940 inscribuntur

112 2024 123 2057 t
146 1998 248 2064 Ueher
268 1999 387 2084 Syntax
403 1997 468 2064 und
488 1996 607 2064 stildes
621 1997 747 2065 Tacitus
766 2025 778 2058 s
798 2008 828 2063 et
851 2025 862 2058 ‹
883 1998 1076 2064 llistorische
1090 2000 1210 2085 Syntax
1224 1998 1279 2065 des
1295 2000 1381 2064 latei·

109 2121 250 2190 nischem
264 2122 432 2207 sprache,»
450 2132 566 2208 etpost
581 2122 674 2187 illum
689 2122 837 2188 nonnulli
855 2123 953 2188 simili
970 2123 1093 2188 ratione
1106 2123 1155 2188 usi
1169 2122 1323 2209 quasdam
1334 2144 1382 2189 res

109 2246 148 2313 ad
163 2256 306 2313 nostrum
322 2248 520 2334 propositum
531 2248 725 2332 pertinentes
740 2248 947 2333 singulariter
965 2256 1202 2327 tractaverunt3
1221 2247 1274 2313 sed
1290 2267 1383 2314 nemo

107 2371 222 2457 estqui
240 2391 306 2437 rem
324 2372 491 2458 integram,
512 2352 577 2437 sive
593 2372 678 2456 apud
699 2374 886 2450 Germanos,
917 2372 982 2438 sive
1001 2371 1087 2458 apdd
1117 2373 1380 2452 Franco-Gallos

92 2495 210 2569 ‚denuo
222 2495 407 2583 perquirere
423 2507 587 2582 aggressus
611 2495 663 2562 sit.
1236 2477 1239 2483 ’

149 2621 319 2700 Praeterea,
335 2641 435 2706 quum
455 2619 547 2706 pauci
565 2619 668 2686 adhuc
684 2620 716 2686 in
732 2621 839 2688 Gallia
860 2621 1068 2687 inveniantur
1087 2621 1148 2687 viri
1166 2620 1247 2687 docti
1265 2621 1382 2706 quihus

104 2744 337 2811 Germanorum
352 2744 425 2811 libri
442 2745 640 2832 grammatici
658 2745 813 2810 notissimi
830 2745 905 2824 sint,
929 2766 965 2812 ac
985 2746 1162 2830 pracsertim
1180 2745 1382 2811 dissertatio-

105 2887 161 2935 nes
178 2869 383 2954 inaugurales
399 2878 429 2935 et
456 2889 493 2934 ea
518 2890 589 2955 qnae
617 2867 768 2935 dicuntur
786 2879 1043 2957 programmata
1064 2857 1180 2954 saepius
1207 2867 1246 2934 de
1275 2879 1381 2933 nostro

104 3003 233 3058 auctore
260 2992 469 3078 disputantia,
498 2973 730 3078 nonnunquam
762 2993 898 3078 pecunia
925 3013 1038 3079 parare
1059 2978 1273 3070 sit'diidcile,
1294 2992 1381 3058 haud

104 3116 279 3184 absurdum
301 3116 380 3181 mihi
405 3115 509 3182 visum
534 3127 601 3195 est;
623 3116 663 3196 si,
695 3137 902 3203 quaecumque
924 3116 1114 3203 (praesertim
1141 3117 1174 3181 in
1193 3116 1378 3202 Germania)

103 3250 210 3306 nostra
227 3249 318 3306 aetate
338 3239 376 3306 de
392 3239 582 3305 sallustiano
598 3259 742 3305 sermone
762 3261 859 3327 opera
881 3240 912 3305 in
935 3242 1038 3306 lucem
1052 3239 1139 3306 edita
1159 3240 1291 3319 suerint,
1323 3240 1381 3306 hoc

103 3365 214 3431 libello
233 3365 547 3451 comprehenderem,
564 3374 595 3430 et
613 3364 704 3451 quasi
720 3384 848 3431 succum
867 3385 978 3431 eorum
994 3366 1217 3451 exprimerem,
1249 3365 1379 3452 proprio

103 3501 208 3554 tamen
227 3489 369 3555 adhibito
384 3488 518 3574 judicio,
541 3499 571 3554 et
587 3487 703 3555 additis
719 3509 781 3555 non
803 3491 912 3575 paucis
936 3511 1007 3576 quae
1026 3489 1310 3576 grammaticorum
1329 3491 1377 3555 vel

101 3612 261 3679 editorum
276 3613 419 3679 studium
434 3612 586 3699 lugerint.
605 3615 705 3692 Quem
722 3612 760 3678 ad
776 3613 873 3679 finem
893 3613 1140 3699 assequendum,
1159 3613 1319 3681 Gerlachii
1341 3611 1380 3678 de

101 3737 309 3826 Proprietote
322 3735 481 3802 sermonis
495 3735 684 3802 sallustiani
700 3736 1031 3815 Commentationem,
1050 3757 1085 3802 ao
1099 3738 1275 3825 praesertim
1291 3737 1379 3803 Krit-

100 3861 155 3941 zii,
169 3861 451 3941 Dietschii,Fahri,
464 3860 600 3927 Jacobsii
616 3861 771 3928 editiones
782 3851 953 3947 diligenter
963 3862 1156 3940 evolvimus3
1173 3863 1270 3929 Cortii
1282 3862 1378 3928 etiam

104 3985 270 4051 fastidiosa
284 3986 427 4072 quidem,
442 3984 496 4051 sed
508 3985 669 4052 interdum
680 3985 775 4051 utilia
790 3986 1032 4064 commentaria,
1051 3996 1081 4050 et
1096 3987 1302 4071 Herzogianae
1316 3985 1378 4050 edi·

102 4109 197 4175 tionis
219 4111 316 4196 paulo
335 4111 485 4176 ohscuras
505 4109 732 4195 explicationes
753 4109 897 4194 legimus.
921 4111 1080 4175 Praeterea
1094 4109 1261 4176 Burnouhi
1278 4110 1375 4174 nostri

97 4234 413 4313 commentariorum,
432 4255 488 4322 pro
510 4244 650 4318 tempore
670 4254 747 4299 sane
771 4234 1125 4313 excellentissimorum,
1148 4234 1303 4299 rationem
1320 4234 1377 4298 ha·

102 4357 240 4437 hulmus,
259 4359 396 4446 denique
412 4379 450 4425 ex
469 4358 685 4425 recentissima
704 4360 739 4424 P.
759 4359 886 4425 Thomas
906 4359 1024 4444 Belgici
1042 4357 1216 4446 lupatrtlrac
1239 4356 1377 4423 editione

100 4481 223 4568 aliquot
236 4484 444 4550 correctiones
459 4482 750 4570 explicationesque
768 4483 944 4549 hausimus.
962 4483 1141 4549 Nonnullas
1157 4482 1253 4548 etiam
1267 4482 1379 4562 disset·

99 4608 235 4674 tationes
256 4609 473 4695 inaugurales,
492 4628 628 4695 quorum
649 4610 809 4694 pleraque
830 4629 848 4673 a
872 4606 1040 4674 Germanis
1060 4605 1242 4672 doctoribus
1261 4625 1377 4692 propo-

25 4730 29 4736 ”
100 4732 181 4813 sitae,
209 4736 353 4800 evolvere
374 4733 477 4812 licuit,
497 4753 553 4799 nec
572 4753 635 4799 non
664 4735 771 4819 plura,
793 4752 864 4818 quae
883 4731 1047 4809 dicuntur,
1066 4739 1314 4817 programmata,
1340 4748 1377 4794 eu

1237 4838 1248 4888 t
