3314 5526
823 357 980 420 ,22-

263 509 455 597 perrenisse‚
473 528 543 595 qum
562 506 698 573 mutatio
713 507 852 591 perlecta
867 506 933 593 jam
949 514 1040 572 aetate
1058 506 1191 592 Augusti
1209 526 1284 571 sane
1314 515 1394 584 erat,
1426 506 1539 571 saltem

265 617 296 683 in
309 616 585 682 orelitteratorum
598 613 751 693 virorum,
763 633 863 698 quum
876 622 981 679 tamen
997 615 1112 700 vulgus
1122 613 1292 699 pristinam
1306 613 1540 698 pronuntiatio·

263 743 336 790 nem
355 722 477 789 diutius
492 720 699 787 serraverit¹.

306 832 341 895 B.
359 865 404 878 -
418 830 548 895 Vacuus
562 849 585 892 a
603 848 658 893 eno
678 847 708 893 o.
721 827 769 878 ’-
787 828 814 894 U
831 846 889 918 pro
904 848 923 892 o
941 826 1102 893 invenitur
1124 827 1155 891 in
1173 825 1315 915 epistula
1331 846 1388 912 pro
1403 823 1541 914 epistola

263 934 452 1002 adulescens
468 955 524 1021 pro
537 932 723 1000 adolescens
743 934 906 1019 (passim),
930 931 1154 999 adtelescenlia
1175 934 1335 1020 (passim),
1353 930 1541 999 adnleseen-

264 1042 352 1109 tulus
370 1043 418 1129 (C.
438 1044 470 1120 3,
482 1043 519 1121 33
538 1042 591 1118 19,
609 1043 629 1106 2
637 1065 646 1120 3
662 1042 716 1122 52,
734 1041 805 1126 ab.)
823 1040 1002 1106 Dietschius
1019 1037 1288 1107 scribitadnlesco
1306 1060 1360 1126 pro
1374 1036 1537 1117 adeleno,

186 1186 191 1193 ·
263 1150 361 1215 variis
376 1155 633 1235 qumoccurrubt
661 1148 772 1213 iormis
797 1171 804 1212 :
833 1144 1068 1213 adolescebant
1090 1147 1184 1233 (Hist.
1218 1167 1262 1224 ιι,
1284 1147 1356 1232 23),
1379 1144 1539 1222 adsciscit,

265 1257 348 1342 (lug.
360 1257 393 1335 6,
409 1257 445 1336 1;
465 1244 518 1333 18,
537 1256 573 1320 11
586 1278 594 1332 ;
609 1255 664 1333 63,
679 1256 715 1334 3·,
734 1256 801 1320 Cat.
817 1256 871 1331 5t,
886 1255 941 1340 tu)
956 1279 965 1335 ;
982 1254 1051 1320 sine
1066 1253 1164 1320 dubio
1181 1254 1336 1340 analogiae
1352 1253 1540 1332 inserviens,

265 1373 295 1427 at
311 1373 421 1428 eontra
437 1362 581 1427 codicum
595 1361 701 1426 iidem.
1316 1397 1317 1400 =

309 1470 343 1536 C.
359 1507 404 1518 -
423 1470 552 1534 Vonims
573 1489 591 1532 a
611 1489 666 1532 ruo
682 1489 704 1532 n
717 1489 775 1532 rur
794 1489 822 1544 e,
842 1489 911 1533 rosr
925 1491 956 1533 a.
978 1468 1206 1533 -Sallustius
1221 1485 1345 1552 semper
1364 1467 1431 1532 lere
1446 1466 1542 1535 etiam

265 1599 283 1641 0
299 1596 354 1662 pro
370 1597 391 1640 n
408 1586 462 1641 aut
475 1596 491 1638 e
506 1585 606 1660 posto
625 1573 764 1650 adhibet,
778 1584 811 1639 ut
826 1573 943 1654 uoltcts,
955 1573 1083 1662 scalpris,
1101 1571 1228 1652 volnus,
1241 1584 1347 1651 noeto,
1364 1572 1543 1639 vorticosus

268 1685 320 1766 (Η.
339 1702 379 1760 ιν,
398 1682 468 1767 37.)
482 1677 780 1759 υοιιθν,αιίυοι·ιιιι,
796 1679 956 1746 divorsus.
967 1719 1012 1732 -
1024 1680 1111 1746 nude
1121 1678 1326 1770 jocundiora
1340 1681 1381 1767 (l.
1395 1680 1450 1758 85,
1469 1681 1540 1765 tl),

266 1808 303 1854 ex
324 1788 537 1874 plurimorum
552 1786 697 1853 codicum
713 1799 743 1852 et
758 1787 916 1854 editorum
937 1789 1097 1874 scriptura
1122 1787 1282 1872 (Gerlach,
1299 1787 1408 1863 Fabri,
1439 1786 1540 1862 Kritz,

267 1889 406 1970 Dietsch
426 1894 565 1979 Jacobs)
585 1893 668 1959 inter
687 1913 766 1979 quos
784 1903 815 1960 et
842 1895 1033 1961 Perisiensis
1049 1894 1188 1981 optimus
1214 1894 1268 1960 ille
1294 1914 1428 1965 numero
1458 1895 1543 1958 1676

269 2000 713 2093 inscriptus(rapueramus
728 2020 802 2066 vero
811 1999 1019 2088 jucundiora
1035 2002 1175 2087 praefert,
1192 2000 1331 2066 codicem
1344 2001 1543 2066 secutusPa-

268 2108 431 2174 risiensem
444 2118 479 2174 u⁰
494 2110 571 2185 500,
593 2126 687 2192 quem
704 2108 864 2194 praecipuo
878 2119 920 2186 et,
942 2119 977 2174 ut
991 2129 1065 2176 vera
1080 2110 1248 2186 fateamur,
1271 2108 1411 2192 legitimo
1437 2127 1544 2173 amore

270 2216 449 2300 amplexus,
480 2213 651 2280 editionem
681 2235 771 2284 suam
799 2214 1091 2300 praestantissimam
1120 2215 1235 2302 exegit.
1272 2214 1409 2282 Wirzius
1437 2225 1542 2279 tamen

270 2321 418 2408 pluribus
453 2320 528 2386 locis
552 2340 638 2399 eum,
664 2322 751 2387 mira
786 2321 1015 2410 superstitione
1048 2333 1195 2410 captum,
1228 2322 1402 2408 scripturas
1428 2321 1544 2386 codicis

268 2429 310 2495 P⁴
334 2429 482 2494 meliores
503 2428 693 2514 praeteriisse
719 2430 881 2495 contendit
890 2453 899 2508 3
921 2430 959 2495 de
989 2430 1048 2495 hoc
1072 2440 1178 2495 autem
1208 2429 1274 2495 loco
1295 2439 1375 2494 tacet
1399 2429 1541 2494 omnino.

269 2536 410 2613 Curtius,
428 2535 481 2620 qui
494 2533 702 2622 jucundiora
723 2536 754 2601 in
780 2547 901 2602 textum
918 2536 1048 2621 recepit,
1067 2536 1099 2601 in
1121 2547 1194 2601 nota
1211 2537 1294 2600 inlru
1310 2535 1412 2622 posita
1432 2535 1543 2601 lectio-

269 2662 341 2708 nem
351 2639 556 2730 jocandiora
574 2642 655 2707 tueri
678 2641 817 2721 videtur,
834 2643 1000 2709 conterens
1017 2643 1147 2728 Vergilii
1164 2643 1310 2722 AEneida‚
1325 2663 1369 2720 rr,
1392 2642 1470 2720 363,
1489 2642 1543 2707 ubi

269 2749 401 2834 quidam
421 2748 575 2834 scripsere
585 2747 785 2837 jocundum.
808 2751 848 2816 ht
863 2750 927 2815 liaeo
943 2750 1114 2835 scriptura,
1133 2760 1236 2835 'quum
1251 2770 1308 2836 pro
1333 2750 1473 2815 obsoleta
1497 2768 1543 2814 ac-

268 2855 412 2941 cipienda
433 2855 487 2933 sit,
504 2855 594 2920 nullo
609 2856 798 2941 modoapud
811 2857 989 2941 Vergilium
1005 2857 1123 2922 servari
1141 2866 1253 2941 potest.
1266 2856 1328 2922 Sed
1345 2857 1384 2922 ad
1401 2865 1544 2922 nostrum

270 2961 460 3028 Sallustium
487 2971 695 3028 revertamur.
713 2963 871 3029 terdenus
887 2963 1080 3052 percontari
1098 2984 1170 3029 cum
1197 2963 1378 3040 Gerlaehio,
1409 2962 1543 3040 lirinis,

268 3069 425 3146 lacobsim
451 3078 525 3146 cet,
548 3069 670 3148 scribit,
686 3070 866 3136 Dietsehius
884 3090 959 3136 reru
980 3071 1044 3136 fere
1059 3071 1146 3136 solus
1156 3068 1372 3158 perceruetari
1388 3070 1468 3152 (Cat.
1488 3070 1542 3144 te,
1561 3144 1564 3148 ¹

269 3176 308 3253 2;
329 3176 366 3239 1-1.
386 3195 408 3251 ι,
426 3175 555 3255 273111,
576 3176 626 3260 8).

314 3283 348 3347 ln
365 3281 519 3348 Vaticano
535 3281 653 3361 codice,
675 3283 730 3367 qui
752 3283 928 3369 fragmenta
943 3282 1150 3349 historiarum
1165 3283 1315 3361 serravit,
1332 3303 1432 3370 quom
1445 3283 1547 3348 l'orma

272 3387 386 3474 legitur
401 3408 447 3464 ιιι,
464 3388 520 3462 67,
540 3391 599 3453 col.
618 3390 649 3464 7,
669 3389 710 3454 18
725 3398 756 3454 et
770 3409 813 3467 rr,
834 3390 972 3470 61,13;
1005 3390 1067 3476 (ιιι,
1084 3389 1139 3468 67,
1167 3389 1227 3455 cul.
1249 3389 1279 3466 1,
1304 3389 1356 3465 ill,
1379 3409 1478 3476 perone
1499 3399 1548 3454 est

272 3495 486 3579 pr‘aepositio);
505 3505 537 3559 at
550 3495 735 3561 Parisiauus
749 3495 843 3562 andex
862 3498 952 3583 longe
968 3498 1106 3583 optimus
1122 3496 1185 3582 (Ρ),
1204 3516 1328 3582 semper
1342 3516 1418 3561 cum
1434 3495 1543 3561 babet.

270 3603 426 3668 Praeterea
444 3602 522 3668 hrn.
541 3603 709 3680 Krausius‚
732 3603 764 3668 in
780 3623 837 3668 suo
852 3606 899 3668 De
917 3625 1018 3690 picam
1031 3602 1275 3693 conjunctionis
1293 3624 1356 3669 usu
1375 3623 1414 3668 ac
1431 3603 1547 3690 forma

271 3706 382 3796 capita
403 3728 435 3772 ru
460 3708 612 3794 inscripto
630 3709 737 3793 libello
768 3730 869 3794 nuper
887 3710 1007 3786 edito²,
1032 3729 1141 3776 omnes
1164 3710 1395 3808 aureaeaetatis
1418 3709 1548 3794 scripto-

273 3837 321 3881 res
331 3814 440 3902 prisea
455 3815 584 3901 quidem
597 3816 666 3903 conj
673 3816 829 3882 unctionis
845 3817 947 3883 forme
963 3829 1035 3883 usos
1050 3836 1117 3883 esse
1137 3816 1251 3894 videri,
1271 3818 1398 3882 nullum
1417 3836 1491 3883 vero
1511 3837 1549 3882 eu

273 3921 311 3986 iis
327 3943 441 3989 ueram
458 3923 593 3989 sormam
609 3944 671 3989 uon
687 3924 881 4004 adhibuisse,
904 3920 1156 4010 optime'docuit.
1174 3925 1254 3990 Cum
1274 3933 1380 3991 autern
1401 3925 1545 3991 Sallustii

271 4029 393 4095 codices
408 4030 519 4116 optimi
544 4032 679 4096 sormam
709 4052 783 4097 errae
802 4041 985 4098 constanter
1011 4032 1190 4110 ostendant,
1221 4030 1368 4118 sequitur
1398 4040 1432 4096 ut
1468 4031 1549 4096 harre

273 4156 388 4202 novam
406 4137 542 4202 formam
560 4137 702 4223 accipere
727 4159 851 4205 neeesse
868 4140 920 4204 sit.

306 4307 326 4352 t.
342 4302 423 4352 Paulo
439 4303 515 4352 aliter
530 4315 667 4353 senserunt
680 4304 827 4354 Deltourius
842 4316 932 4355 noster
943 4321 974 4355 uc
986 4305 1137 4356 notissimus
1157 4305 1186 4355 in
1205 4304 1378 4355 Scandinavia
1395 4305 1434 4353 vir
1457 4305 1549 4355 doetus

272 4383 397 4446 Oestling,
414 4383 458 4442 qui
472 4384 520 4432 has
537 4384 662 4434 formasa
676 4385 797 4449 Virgilio,
821 4386 924 4435 Caesare
946 4393 972 4436 et
990 4385 1114 4435 Cicerone
1133 4386 1264 4436 adhibitas
1279 4385 1358 4435 fuisse
1381 4402 1414 4434 ex
1429 4385 1549 4435 codicum

273 4469 388 4512 veterum
410 4464 460 4513 fide
476 4465 613 4523 affirmant,
632 4473 722 4515 eontra
737 4467 966 4531 grammaticorum
982 4467 1159 4517 testimonium
1192 4466 1311 4516 similiter
1329 4466 1503 4531 Nipperdejus
1524 4473 1550 4516 et

274 4544 423 4608 Madvigius
440 4561 497 4594 eant
522 4545 650 4595 rationem
674 4547 805 4596 scribendi
821 4547 847 4596 in
863 4548 917 4597 suis
933 4548 1091 4598 editionibus
1107 4547 1187 4598 secuti
1204 4554 1272 4597 sunt.
1294 4547 1341 4597 tua
1358 4562 1419 4596 vero
1439 4547 1547 4612 quaestio

274 4639 436 4688 nequaquam
451 4625 568 4674 codicum
584 4628 820 4691 manuscriptorum
835 4642 883 4692 ope
901 4627 1037 4692 dijudicari
1052 4635 1145 4693 potest.

305 4708 327 4754 ἱ).
345 4704 468 4763 Berolini‚
482 4709 551 4756 11176.
