3314 5526
724 425 919 484 -taa-

187 591 291 652 suma
310 571 471 658 plerisque
484 571 630 650 allatum,
648 571 673 636 si
694 591 758 639 non
777 572 946 638 manifesto
960 573 1089 649 falsum,
1108 583 1141 637 at
1154 576 1387 656 certauerime
1402 571 1460 640 du-

187 678 276 744 bium
294 698 372 744 esse.
393 677 481 744 Adde
497 677 582 768 quod
596 678 771 748 Vaticanus
790 678 899 757 codex,
915 698 1022 764 quem,
1040 687 1148 765 utpote
1173 678 1341 766 optimum,
1359 679 1399 749 ad
1415 698 1461 752 re·

187 784 343 854 censenda
360 786 524 871 iugurtha
542 785 685 872 capitula
706 785 852 853 103·Ηῖ
868 785 1016 852 adhibuit
1029 786 1200 864 Jordanus,
1222 786 1280 852 hoc
1296 787 1363 852 loco
1379 806 1461 851 non·

187 893 294 976 nullas
318 882 443 973 litteras
463 913 568 966 erasas
591 893 709 979 praehet
732 903 802 979 post
824 892 957 959 verbum
971 913 1049 971 esse,
1068 891 1153 979 quod
1172 892 1301 979 quidem
1321 893 1460 959 breviori

187 996 345 1085 scriptura
359 999 493 1066 dubium
514 999 658 1066 afferenti
670 999 717 1065 sic
732 1010 885 1073 notatur:
902 1007 951 1074 ᾗῇ.
966 1000 1067 1085 Igitur
1082 1019 1145 1066 non
1161 998 1462 1066 temerariumvide

125 1141 128 1147 ·
189 1105 287 1185 bitur,
303 1092 335 1172 si
349 1127 461 1174 novam
480 1106 679 1173 difficultatis
692 1106 884 1174 solutionem
898 1107 1093 1193 quaesierim,
1111 1117 1141 1172 et
1153 1105 1266 1172 stetim
1278 1105 1398 1172 milites
1412 1126 1461 1172 ce·

186 1224 282 1279 notos
300 1234 366 1278 esse
382 1223 534 1299 tanquam
550 1213 720 1281 relativum
733 1214 939 1281 enunciatum
954 1215 1037 1280 inter
1051 1213 1211 1280 insrnltiva
1227 1215 1400 1280 enunciata
1414 1215 1461 1280 in-

187 1319 353 1406 terjectum
364 1319 576 1406 judicaverim
591 1320 613 1386 ¹.
631 1321 712 1387 Nam
727 1331 843 1407 praeter
856 1341 954 1408 quam
966 1321 1051 1406 quod
1062 1321 1130 1408 ejus
1141 1322 1225 1388 modi
1240 1321 1462 1409 interpretatio

188 1427 251 1493 vim
279 1446 405 1523 omnem
435 1425 523 1492 verbi
552 1439 807 1508 amaresceret,
837 1447 931 1494 verns
959 1448 1086 1514 quoque
1113 1428 1158 1495 sic
1182 1418 1463 1494 adverbii'statim

188 1552 298 1599 sensus
313 1553 376 1617 non
392 1533 609 1626 corrumpitur
625 1534 720 1621 idque
734 1535 935 1622 conjunctive
951 1535 1131 1602 adhibitum
1146 1554 1213 1602 esse
1228 1515 1463 1620 putandnmest

189 1640 343 1726 peculiari
362 1639 455 1707 modo
473 1640 527 1727 qui
544 1661 607 1708 non
622 1643 761 1709 multum
776 1664 795 1709 a
808 1652 959 1709 consueto
975 1642 1147 1727 discrepet3
1164 1641 1279 1708 stetim
1298 1642 1384 1708 enim
1397 1660 1461 1708 non

188 1749 291 1813 solum
305 1767 377 1815 cum
395 1747 558 1834 particulis
570 1748 782 1835 conjunctivis
793 1759 841 1832 ut,
852 1771 902 1830 ec,
920 1759 1031 1836 etque,
1044 1748 1207 1817 sedetiam
1219 1751 1305 1832 (raro
1318 1749 1462 1836 quidem)

177 1875 260 1942 'curn
275 1850 377 1942 quum
390 1866 421 1921 et
436 1875 552 1943 queem,
570 1876 605 1922 ac
620 1857 748 1942 saepius,
770 1860 819 1923 vel
840 1856 926 1944 apud
941 1856 1136 1934 Ciceronem,
1153 1875 1226 1922 cum
1240 1854 1386 1922 ablativo
1401 1853 1463 1921 ab·

187 1958 293 2028 soluto
306 1961 451 2047 junctum
468 1962 658 2029 invenimus.
678 1963 725 2030 Gi.
743 1965 809 2032 Cic.
826 1963 865 2030 de
884 1965 963 2049 Rep.
980 1965 1013 2042 3,
1036 1964 1091 2043 31,
1120 1960 1307 2043 Publicola,
1324 1960 1393 2050 lepe
1406 1960 1465 2029 ille

189 2065 229 2133 de
237 2066 626 2158 prouocatioueperleta,
636 2069 750 2136 stetim
759 2091 886 2136 secures
900 2067 941 2136 de
947 2068 1097 2158 fascibus
1106 2067 1196 2136 demi
1197 2068 1302 2158 jussit
1306 2089 1321 2151 ,·
1331 2080 1361 2135 et
1373 2068 1461 2137 Orat.

190 2175 244 2253 l0,
262 2175 316 2255 35,
344 2174 405 2242 boc
423 2197 497 2241 seem
516 2197 689 2264 oppressus
712 2176 824 2244 statim
849 2178 974 2244 Getone
996 2174 1169 2255 ebselut03
1194 2177 1234 2243 ci.
1259 2176 1356 2242 etiarn
1383 2176 1462 2263 Nep.

189 2282 287 2348 Cim·
308 2283 340 2360 2,
377 2283 409 2363 3,
448 2281 593 2364 ¹bostium
618 2282 759 2350 uocibus
785 2283 890 2373 ceptis
915 2283 1026 2351 statim
1053 2304 1094 2349 ene
1122 2282 1225 2349 classe
1248 2281 1361 2372 copias
1389 2304 1467 2348 suus

190 2386 314 2456 educit.
336 2391 486 2459 Nostrum
505 2393 699 2477 exemplum,
716 2392 818 2458 fateor
832 2391 994 2478 equidem,
1009 2391 1162 2478 majorem
1179 2388 1348 2455 andaciam
1363 2401 1465 2456 osten·

189 2496 252 2574 dit;
273 2496 326 2563 sed
344 2497 535 2564 Sallustium
550 2500 639 2564 tritas
654 2498 722 2565 vias
737 2498 874 2565 libenter
893 2497 1010 2585 legisse
1031 2516 1122 2564 nemo
1139 2497 1247 2563 nescit.
1268 2497 1377 2583 Neque
1393 2495 1464 2562 inli-

190 2601 1467 2691 tiandurnestvicinitatemhistoricoruminlrrritivorumperettmetiouemmul·

192 2721 259 2776 tum
284 2710 421 2777 valuisse
448 2711 488 2777 ad
512 2724 652 2778 nostram
674 2712 866 2779 locutionem
881 2711 1100 2779 adducendam
1109 2735 1118 2790 3
1138 2711 1180 2777 cl.
1207 2710 1303 2790 infra,
1331 2732 1361 2797 p.
1386 2710 1463 2788 toa,

192 2817 499 2884 animadversionem
519 2818 559 2884 ad
574 2820 645 2906 lug.
668 2819 723 2899 53,
746 2820 777 2884 7.
799 2820 954 2886 Praeterea
969 2819 1082 2885 litterae
1097 2838 1196 2884 erasae
1216 2817 1249 2883 in
1262 2817 1466 2886 codiceVati·

189 2944 268 2989 cane
283 2925 403 3011 largam
415 2924 604 3011 conjecturis
618 2925 785 2993 materiem
802 2926 954 3012 praebent,
972 2946 1008 2992 ac
1020 2927 1128 2992 forsan
1144 2924 1262 3011 aliquis
1277 2923 1326 2990 vir
1339 2924 1463 3002 ductus,
1559 2971 1564 2980 -

190 3030 273 3096 felici
285 3031 444 3117 instinctu
465 3030 605 3117 adiutus,
621 3033 787 3101 meliorem
802 3032 901 3099 nostri
927 3033 986 3098 loci
1009 3031 1268 3118 explanationem
1282 3031 1387 3117 sagaci
1404 3051 1464 3097 res·

190 3126 474 3221 titutione‘afferre,
493 3138 610 3224 poterit
631 3163 638 3204 :
660 3159 716 3225 ego
736 3159 810 3205 vero
839 3159 889 3218 ea,
916 3139 1048 3205 forsitan
1077 3137 1180 3204 insius
1208 3138 1377 3223 explicata,
1400 3157 1463 3204 non

192 3245 321 3311 omnino
338 3244 466 3311 inutilia
483 3246 548 3312 fore
564 3245 740 3312 existimavi
757 3246 780 3312 ².

235 3353 269 3418 6⁰
285 3350 412 3433 Quibus
425 3350 625 3441 temporibus
638 3355 768 3418 uitetur
781 3351 955 3418 historicus
970 3350 1162 3441 infinitivus.
1179 3387 1224 3402 -
1239 3351 1300 3419 Sed
1316 3351 1383 3419 haec
1397 3352 1467 3420 hac·

192 3471 282 3526 tenus
309 3483 316 3526 ε
340 3479 424 3526 nunc
444 3461 562 3546 quibus
591 3460 788 3548 temporibus
817 3459 917 3525 finitis
936 3459 1063 3530 ,nitatur
1091 3459 1268 3527 infinitivus
1296 3459 1466 3526 historicus

193 3566 278 3653 apud
294 3566 484 3632 Sallustium
500 3567 587 3652 (nam
597 3567 645 3634 de
661 3567 719 3633 hoc
734 3569 801 3633 solo
827 3579 955 3633 auctore
982 3567 1033 3633 hic
1060 3567 1194 3652 agitur),
1222 3566 1367 3633 indicatis
1392 3576 1463 3632 tan-

193 3683 271 3753 turn,
289 3692 352 3739 non
369 3671 506 3763 laudatis
522 3675 688 3760 exemplis,
704 3661 896 3762 quaeramus.
920 3674 1088 3742 Notionem
1111 3676 1214 3740 solum
1230 3674 1378 3751 actionis,
1396 3694 1467 3763 qnae

190 3779 320 3866 quidam
336 3799 399 3846 non
419 3780 480 3846 nisi
502 3781 534 3846 in
555 3781 717 3867 praeterito
736 3781 805 3847 sieri
826 3791 939 3867 potest,
960 3781 1148 3846 historicum
1171 3780 1365 3846 infinitivum
1382 3800 1465 3865 prae-

191 3887 265 3965 bere
275 3888 342 3975 jam
353 3887 518 3954 docuimus
525 3913 534 3969 ;
549 3888 845 3975 quaproptertinito
860 3898 1001 3973 tempore
1014 3887 1105 3954 inniti
1123 3889 1214 3967 solet,
1228 3887 1313 3972 quod
1326 3906 1466 3953 momen·

192 4005 259 4060 tum
278 3994 430 4081 temporis
445 3994 590 4075 definiat,
605 4015 667 4082 qno
684 3994 816 4062 diversae
831 3995 971 4062 actiones
982 3995 1075 4081 juxta
1095 3993 1205 4080 positae
1221 4004 1315 4079 atque
1336 3994 1420 4060 inter
1434 4013 1467 4059 se

192 4112 390 4168 occursantes
404 4114 591 4194 appareant.
610 4102 699 4184 Quod
715 4102 845 4189 quidem
861 4114 998 4188 tempus,
1011 4111 1046 4168 ut
1057 4110 1257 4188 peresa-ant
1265 4099 1464 4189 perfectum,

192 4219 248 4274 ant
272 4229 416 4297 praeseus
440 4207 645 4290 historicum,
668 4220 724 4275 aut
746 4208 989 4299 imperfectum,
1012 4218 1066 4275 aut
1085 4207 1465 4297 plusquamperfectum,

192 4335 258 4381 esse
274 4325 390 4400 potcst;
405 4315 562 4404 futurum
581 4336 656 4383 vero
672 4317 720 4382 vel
733 4336 877 4404 praeseus
893 4315 957 4381 veri
980 4315 1121 4383 nominis
1144 4315 1234 4382 nullo
1254 4315 1347 4380 modo
1369 4334 1465 4381 usur·

193 4421 261 4508 pari
279 4441 369 4517 posse
383 4442 422 4489 err
438 4423 475 4489 iis
489 4423 637 4490 omnibns
652 4433 738 4510 patet
751 4444 824 4511 quae
838 4442 937 4510 supra
952 4421 1193 4509 explicavimus.
1208 4422 1400 4515 ¹Perfectum
1420 4419 1466 4486 in·

223 4584 246 4630 l.
262 4577 319 4660 Qua
329 4579 361 4628 de
384 4594 464 4630 causa
478 4581 711 4646 interpunctionem
725 4585 784 4646 post
797 4579 877 4630 verba
887 4580 997 4631 cenatos
1011 4592 1080 4638 esse,
1102 4578 1169 4629 sicut
1189 4584 1215 4628 et
1229 4584 1289 4644 post
1312 4577 1467 4643 particulam

191 4664 231 4712 uc,
246 4665 389 4714 posurmus.

222 4725 247 4772 2.
266 4721 382 4771 Thomas
399 4690 549 4786 (iugurtha,
567 4739 592 4788 p.
611 4724 675 4788 166),
689 4738 750 4773 curn
763 4722 855 4773 codice
868 4721 1029 4773 Bruxellensi
1045 4723 1121 4772 tutet
1136 4721 1179 4784 (Ζ)-
1193 4721 1282 4771 scribit
1297 4734 1349 4772 :ac
1369 4720 1466 4772 statim

193 4792 291 4844 milites
303 4801 412 4843 cenatos
427 4806 489 4854 esse,
505 4793 630 4859 sputoque
644 4799 670 4846 te
686 4797 781 4847 costrts
793 4807 872 4859 qaum
884 4795 1068 4845 creberrumos
1078 4789 1144 4856 fieri.
