3314 5526
730 412 901 469 „gg-

186 582 197 614 ‹
222 555 246 620 si
265 555 389 620 animus
404 556 510 640 pravis
525 555 733 640 cupidinibus
755 566 867 640 captus
883 554 1005 632 inertiae
1021 567 1052 620 et
1074 555 1292 640 voluptatibus
1312 556 1454 640 corporis

181 682 213 726 se
229 662 327 740 dedit,
345 673 375 727 et
387 663 506 740 statim,
522 673 590 748 post
601 663 727 728 brevem
740 662 927 748 perniciosae
936 662 1108 746 voluptatis
1119 681 1225 739 usum,
1244 661 1283 726 ad
1299 661 1356 726 illa
1375 661 1453 726 vilia

184 789 308 852 pessum
324 770 416 834 datus
430 779 487 834 est.
515 795 525 827 v
548 769 703 835 Similiter
719 770 890 847 tenueras,
908 768 963 853 qui
984 769 1022 833 de
1037 771 1093 834 boc
1110 771 1176 833 loco
1192 768 1331 833 studiose
1350 767 1453 832 disse-

183 877 247 941 ruit
264 875 315 962 (de
336 877 394 942 loc.
417 877 507 962 quib.
525 877 606 942 Sall.
630 896 661 961 p.
682 877 702 941 5
722 879 805 962 sqq),
823 885 853 940 et
872 875 1076 942 Gerlacbium
1093 875 1157 940 lere
1173 874 1321 940 omnibus
1336 895 1453 939 nume·

182 984 226 1048 ris
237 984 360 1068 probat,
377 983 437 1048 nisi
451 981 536 1070 quod
550 985 648 1048 verba
660 983 717 1049 illa
728 1003 785 1068 pro
795 982 949 1069 gerundia
964 983 1143 1068 positaesse
1158 992 1261 1068 negat.
1284 1010 1294 1041 t
1313 981 1451 1062 Etenim,

181 1090 298 1176 inquit,
320 1090 363 1155 sic
379 1091 485 1155 animo
505 1089 641 1155 inlormo
657 1089 887 1155 sententiarum
904 1109 1120 1175 progressum:
1144 1090 1246 1174 primo
1265 1100 1407 1155 tentatur
1422 1100 1454 1154 et

181 1199 308 1282 capitur
336 1197 430 1262 homo
454 1197 560 1281 pravis
583 1196 806 1281 cupidinibus3
826 1196 953 1273 deindo,
981 1196 1021 1261 iis
1041 1215 1104 1262 non
1128 1196 1280 1281 repulsis,
1310 1195 1455 1281 indulget

182 1412 264 1476 bono
281 1411 474 1496 honestoque
488 1431 617 1476 aversus
632 1419 663 1474 et
679 1398 718 1475 ad
730 1412 812 1475 solas
822 1411 1002 1495 voluptates
1015 1430 1190 1495 propensus
1206 1420 1268 1487 est;
1282 1419 1348 1474 tum
1359 1409 1455 1474 citius

182 1517 305 1583 tardius
336 1519 458 1582 malum
473 1517 596 1583 inertiae
607 1527 753 1582 eventum
770 1527 800 1582 et
818 1517 892 1583 vitae
907 1517 1072 1582 inhoneste
1089 1528 1165 1605 actae
1182 1515 1469 1601 poenampatitur„

179 1625 338 1711 jacturam
364 1624 495 1703 virium,
521 1623 685 1709 temporis,
710 1624 849 1710 ingenii3
876 1633 1034 1708 postremo
1048 1625 1175 1709 culpam
1196 1645 1214 1689 a
1236 1644 1268 1688 se
1289 1621 1454 1688 amovendi

181 1731 287 1796 studio
304 1742 429 1796 accusat
444 1731 663 1796 infirmitatem
680 1740 816 1796 naturae.
844 1759 854 1789 ι
1476 1801 1479 1806 p

226 1839 290 1923 Ego
306 1857 380 1903 vero
395 1857 599 1924 nequaquam
615 1858 652 1903 ea
666 1838 776 1917 verba,
793 1837 832 1903 de'
848 1837 965 1922 quibus
980 1836 1015 1902 lit
1030 1836 1216 1923 disputatio,
1230 1837 1269 1902 ad
1281 1836 1457 1922 posteriora
1540 1864 1542 1870 ’

183 1945 343 2030 pertinere
368 1965 457 2029 posse
478 1945 627 2010 arbitror.
650 1945 857 2030 Perspicuum
877 1954 924 2009 est
941 1944 1083 2029 quidem,
1106 1944 1137 2009 id
1153 1945 1237 2029 quod
1258 1946 1352 2028 plane
1375 1942 1457 2007 vidit

183 2052 335 2130 Kritzius‚
357 2052 423 2137 jam
448 2050 655 2117 averbissiu
672 2062 788 2138 ceptus
807 2072 870 2116 non
887 2050 927 2116 ad
953 2050 1118 2131 animum,
1144 2051 1199 2117 sed
1228 2051 1266 2116 ad
1294 2051 1457 2116 notionem

184 2159 365 2244 generalem
383 2157 526 2223 dominis
548 2159 655 2223 omnia
680 2158 857 2244 pertinere3
874 2178 976 2244 neque
993 2169 1185 2224 tamencum
1202 2178 1238 2222 eo
1257 2158 1358 2223 iacere
1384 2177 1456 2241 pos·

184 2285 267 2344 sum,
290 2285 361 2330 cum
376 2265 496 2331 addat:
527 2292 539 2324 ι
570 2277 638 2330 tum
660 2266 815 2357 paulatim
841 2265 872 2342 in
888 2266 1068 2349 generalem
1089 2265 1277 2330 sententiam
1292 2264 1455 2348 delapsus,

184 2382 313 2457 propter
331 2373 526 2464 interpositae
541 2374 705 2438 sententiae
720 2373 851 2437 verbum
871 2369 1050 2459 delitescere,
1069 2372 1108 2437 ad
1128 2393 1196 2435 rem
1212 2391 1275 2436 non
1292 2369 1331 2434 ad
1342 2391 1458 2458 perso-

183 2501 263 2544 num
288 2481 438 2556 relatum,
460 2481 573 2544 ultimo
599 2480 664 2544 loco
681 2481 775 2564 plane
797 2479 996 2543 indefinitum
1014 2479 1195 2565 subjectum
1216 2480 1345 2562 cogitat,
1367 2478 1457 2561 quasi

185 2587 218 2650 in
235 2588 413 2672 praegressis
429 2586 559 2667 dixisset
569 2583 841 2672 postperniciosae
857 2583 1015 2649 lubidinis
1031 2583 1157 2650 brevem
1174 2605 1288 2662 usrtm;
1303 2609 1317 2644 v
1332 2586 1459 2649 obstant

185 2694 270 2757 enim
283 2693 380 2757 verba
391 2711 462 2776 quae
479 2704 679 2776 sequuntur:
696 2712 793 2756 suam
808 2690 945 2777 quisque
957 2672 1090 2777 culpem
1105 2701 1254 2756 electores
1269 2687 1315 2754 acl
1326 2689 1459 2777 nepotiu

185 2799 401 2885 transferunt.
417 2796 603 2862 Debomiue
616 2798 912 2883 igiturlvbidinibus
924 2799 1060 2862 obnoxio
1072 2799 1203 2882 quaestio
1220 2808 1283 2875 est3
1301 2818 1359 2861 von
1386 2820 1458 2860 tero

181 2904 353 2994 paulisper
369 2926 430 2969 non
448 2905 579 2991 aliquod
597 2916 721 2989 tempus
735 2905 811 2969 satis
828 2906 956 2989 longum
969 2905 1024 2968 sed
1041 2902 1219 2992 paullulum
1247 2903 1400 2991 temporis
1421 2905 1459 2966 si-

185 3012 331 3097 gnifical3
348 3012 507 3098 quomodo
523 3023 629 3077 autem
645 3013 713 3077 llari
732 3011 829 3097 possit
842 3022 877 3076 ut
889 3022 953 3077 tam
966 3031 1063 3096 parvo
1080 3011 1230 3096 temporis
1246 3012 1337 3095 lapsu
1358 3009 1455 3080 uires.

185 3130 313 3206 tempus
323 3131 355 3184 et
367 3117 711 3206 irepeuictmdeiluant'?
722 3119 835 3184 lllelius
850 3117 889 3184 ad
905 3120 1009 3203 priora
1029 3118 1151 3204 periodi
1164 3119 1260 3183 verba
1273 3116 1459 3205 peruiciosa

185 3225 207 3290 l.
228 3247 265 3314 p.
293 3247 371 3290 usus
390 3227 521 3304 referas
555 3241 682 3312 accepta
702 3225 837 3292 Lebneri
864 3225 1107 3311 explanatione3
1129 3244 1231 3311 neque
1260 3237 1365 3290 tamen
1386 3233 1459 3288 tunc

187 3318 417 3397 nominativum
438 3332 807 3413 absolutumadmittere
825 3351 949 3397 necesse
964 3344 1022 3396 est.

230 3439 373 3503 Alterum
390 3441 568 3522 exemplum
595 3449 641 3503 est
661 3438 733 3521 lug.
751 3439 806 3517 66,
828 3439 861 3515 ⁶2,
888 3435 990 3524 ipitur
1014 3439 1185 3522 cheuses,
1211 3435 1353 3524 [clipeati
1373 3435 1459 3523 repis

186 3543 356 3632 suppliciis
376 3565 482 3631 aeque
507 3555 606 3609 autea
625 3541 795 3631 uoluptate
818 3542 975 3622 clientum
986 3541 1152 3630 principes
1169 3541 1311 3608 civitatis
1323 3541 1408 3608 iuter
1424 3563 1456 3607 se

186 3650 376 3739 conferrent.
400 3653 489 3720 Num
516 3652 632 3737 colpus
656 3662 731 3728 etc,
754 3651 808 3715 ubi
825 3652 952 3717 Cortius
978 3649 1194 3741 Epanalepsin
1215 3652 1263 3715 vel
1281 3661 1459 3735 separatam

186 3754 425 3845 Appositionem
449 3759 547 3835 vidit,
568 3757 728 3822 adnitente
755 3757 935 3834 Gerlacbio,
957 3757 1097 3823 Kritzius
1122 3777 1195 3821 vero
1227 3756 1459 3822 nominativum

187 3867 382 3944 absolutum,
408 3877 443 3931 ut
458 3876 488 3930 et
506 3866 574 3931 Cat.
597 3864 650 3937 37,
668 3865 700 3944 7,
723 3865 777 3930 ubi
795 3865 862 3929 sine
882 3873 1068 3930 necessitate
1088 3864 1289 3928 enuntiatum
1310 3862 1395 3949 quod
1421 3864 1459 3928 ab

186 3993 239 4038 eos
260 3973 371 4058 incipit
389 3993 460 4038 cum
481 3972 667 4057 praecedenti
686 3971 804 4058 jungit.
823 3971 947 4052 Quibus
969 3990 1024 4056 ego
1044 3970 1168 4035 duobus
1195 3971 1271 4034 locis
1292 3971 1376 4056 (lug.
1402 3970 1459 4047 66,

186 4081 224 4159 23
244 4082 275 4159 1,
295 4079 342 4165 l),
360 4099 422 4144 non
438 4079 670 4144 nominativum
690 4079 884 4155 absolutum,
906 4078 961 4144 sed
978 4088 1101 4142 tantum
1115 4077 1336 4142 transitionem
1353 4099 1371 4140 a
1389 4077 1461 4142 sub·
1501 4100 1504 4106 ·

184 4187 266 4271 jecto
297 4186 435 4271 quodam
458 4184 500 4269 ad
529 4187 678 4264 alterum,
696 4185 787 4270 cujus
815 4185 903 4249 notio
934 4184 966 4249 in
984 4184 1100 4269 prioris
1127 4183 1318 4268 cogitatione
1351 4185 1458 4257 lateat„

188 4295 289 4359 inesse
316 4313 426 4358 censeo
454 4293 483 4371 1;
514 4302 543 4356 et
569 4292 836 4367 constructionem
864 4312 925 4379 per
954 4289 1086 4380 synesin
1119 4291 1188 4357 Cat.
1217 4290 1271 4368 37,
1303 4291 1321 4354 7
1353 4289 1457 4354 video.

186 4400 312 4465 Rectius
333 4420 405 4464 vero
431 4399 663 4463 nominativum
684 4400 865 4464 absolutum
891 4398 1068 4481 intelligere
1090 4397 1162 4462 licet
1177 4399 1244 4464 Cat.
1269 4397 1324 4474 37,
1351 4398 1383 4473 l,
1405 4392 1464 4460 sed

188 4505 318 4571 urbuuc
330 4505 452 4595 plebesq
472 4517 514 4570 'cu
528 4526 604 4570 cero
617 4526 763 4594 praeceps
782 4516 854 4570 erat
868 4503 906 4569 de
920 4503 1034 4570 miultis
1049 4503 1170 4569 causis.

219 4679 240 4721 l.
257 4673 296 4720 Cl.
307 4674 321 4721 J
325 4689 368 4736 ug.
382 4676 435 4732 llll,
451 4676 474 4723 4.
484 4673 591 4723 Sulla...
603 4673 661 4735 ipsu
674 4675 807 4738 allique...
818 4671 858 4721 ubi
872 4673 966 4736 prioris
975 4672 1084 4738 subjecti
1096 4671 1167 4721 notio
1176 4671 1462 4734 ampliticatur;contra

187 4743 246 4807 lug.
262 4746 300 4800 66,
318 4747 333 4794 2
348 4742 577 4792 circumscribitur.
