3314 5526
916 381 1024 443 -tl

367 528 532 608 mansisse,
549 527 877 615 utapud'Ciceronem
886 527 1131 617 juredicundo,
1149 529 1319 596 communi
1332 528 1525 612 diuidundo,
1542 530 1643 598 rebus

365 633 533 724 qeruudis‚
549 634 634 722 apud
649 636 821 713 Caesarem,
840 636 1020 703 Livium'et
1042 638 1185 704 Tacitum
1201 636 1279 704 belli
1294 635 1446 726 qeruudt'.
1465 640 1644 706 Sallustius

365 762 439 809 vero
458 743 560 808 multo
578 743 696 829 saepius
715 763 812 829 quam
834 744 891 810 alii
919 745 1022 811 aetatis
1046 746 1135 812 illius
1158 746 1327 832 scriptores
1354 747 1457 813 forma
1473 738 1510 813 in
1529 743 1642 813 undem

366 870 440 916 usus
460 859 518 929 est,
544 850 676 916 fortasse
695 861 730 916 ut
757 850 912 936 majorem
935 851 1123 937 gravitatem
1146 863 1177 918 et
1202 854 1340 919 colorem
1362 852 1533 940 quemdam
1557 854 1641 920 anti·

363 957 509 1042 quierem
533 955 669 1023 orationi
690 957 790 1024 daret.
818 958 897 1024 Nam
922 959 1045 1039 Cicero,
1067 970 1102 1025 ut
1124 959 1217 1026 Beier
1241 959 1281 1026 ad
1305 960 1370 1027 Cic.
1397 970 1478 1027 orat.
1501 982 1523 1037 1,
1549 963 1583 1039 2,
1610 971 1643 1028 et

263 1069 265 1073 ’
318 1060 321 1065 ‘
363 1053 541 1130 Dietscbius
567 1064 659 1146 (Sall.
678 1065 747 1131 Cat.
774 1086 804 1152 p.
829 1065 882 1143 78,
904 1065 938 1150 5)
963 1066 1223 1143 observaverunt,
1243 1068 1375 1133 sormam
1402 1067 1434 1133 in
1455 1065 1564 1133 uudus
1582 1067 1641 1134 ad-

363 1170 450 1236 hibet
469 1171 646 1256 praesertim
662 1171 695 1237 in
709 1171 814 1238 verbis
830 1191 967 1258 quorum
987 1172 1089 1239 exitus
1108 1174 1200 1240 estin
1217 1171 1269 1253 5ο,
1290 1195 1346 1263 qo,
1367 1172 1421 1250 do,
1440 1185 1484 1252 to,
1506 1195 1555 1253 οο,
1568 1195 1639 1254 ruo,

361 1299 411 1357 νο,
432 1277 481 1350 io:
504 1279 732 1344 ac.Gorsenius
751 1279 832 1344 banc
850 1280 985 1345 lormam
1011 1279 1045 1347 in
1065 1281 1171 1347 verbis
1194 1280 1226 1347 in
1243 1279 1275 1346 io
1299 1301 1397 1348 aurea
1420 1290 1512 1347 aetate
1536 1282 1640 1348 multo

360 1384 609 1471 frequentiorem
629 1386 726 1452 luisse
743 1385 890 1453 affirmat.
913 1388 948 1453 ln
965 1387 1040 1454 aliis
1053 1408 1127 1455 vero
1147 1387 1282 1454 lormam
1299 1388 1331 1454 in
1347 1385 1448 1455 cadus
1460 1389 1562 1454 multo
1574 1388 1639 1454 usi·

362 1491 507 1558 tationem
521 1492 619 1558 luisse
633 1501 765 1558 constat.

971 1669 1024 1737 lV.

719 1844 868 1900 Deformis
883 1844 1054 1916 quibusdam
1069 1843 1273 1916 singularibus.

401 2000 566 2087 Participii
588 2002 698 2067 formae
717 2000 1062 2089 arquiturusOEragm.
1075 2000 1149 2068 bist.
1168 2023 1202 2081 ιι,
1220 2002 1277 2086 57)
1294 2003 1422 2068 nullum
1434 2002 1519 2088 apud
1532 2003 1633 2070 alium

357 2109 542 2194 scriptorem
558 2108 625 2194 jam
647 2111 827 2195 exemplum
853 2119 978 2175 exstat:
999 2129 1096 2195 quarn
1126 2110 1260 2175 formam
1288 2118 1422 2175 testatur
1449 2110 1634 2176 Priscianus

356 2217 401 2298 (x,
417 2235 449 2300 p.
472 2214 564 2301 505).
582 2215 669 2282 Idem
686 2215 729 2301 (ι,
748 2237 780 2302 p.
803 2216 879 2297 511,
901 2218 934 2303 3)
960 2226 1164 2303 equoturum
1185 2216 1321 2281 turmam
1341 2215 1494 2283 Sallustio
1519 2217 1634 2283 tribuit

358 2322 499 2409 (Fragm.
517 2342 553 2400 ιι,
572 2323 640 2408 73),
664 2323 808 2410 apriscis
828 2324 1036 2408 scriptoribus
1057 2323 1246 2390 adhibitam.
1272 2322 1417 2391 Notanda
1443 2332 1517 2390 sunt
1536 2324 1632 2390 etiam

268 2463 270 2467 ·
354 2430 714 2516 plusquamperfectum
731 2428 867 2496 soluerit
892 2433 1031 2516 (Fragm.
1050 2451 1084 2511 ιι,
1105 2431 1161 2516 ut)
1178 2430 1264 2496 verbi
1278 2428 1377 2510 soleo,
1400 2430 1433 2496 in
1457 2449 1520 2517 quo
1537 2431 1630 2497 adbi-

326 2528 327 2531 '
354 2536 457 2603 hendo
476 2546 596 2603 veteres
616 2537 783 2604 historicos
802 2538 945 2604 imitatus
964 2557 1031 2603 esse
1049 2536 1176 2603 videtur
1196 2537 1369 2604 Sallustius
1388 2538 1450 2624 (ct.
1470 2539 1559 2616 Cato,
1577 2539 1628 2604 ed.

352 2642 482 2709 Jordani
503 2664 535 2729 p.
553 2626 608 2720 89,
627 2644 681 2721 34,
699 2653 728 2709 et
747 2644 845 2710 Neue.
864 2665 899 2722 ιι,
921 2644 1015 2728 253),
1037 2653 1067 2710 et
1089 2643 1295 2730 participium
1310 2644 1410 2710 futuri
1427 2645 1631 2732 juraturum

354 2749 436 2836 (lug.
454 2751 508 2827 47,
523 2751 571 2836 2).
589 2750 636 2817 Cl.
650 2751 733 2840 Plin.
752 2751 811 2837 Ep.
831 2751 935 2836 4,)15.
958 2749 1123 2817 Obsoletas
1139 2751 1257 2816 formas
1271 2771 1414 2838 quaesere
1430 2752 1481 2839 (ll.
1499 2773 1521 2832 ι,
1537 2752 1628 2838 lto),

351 2854 509 2944 quaeritur
523 2858 574 2941 (ll.
593 2879 634 2935 rr,
654 2858 707 2934 la,
728 2858 775 2943 l),
799 2878 855 2943 pro
874 2878 1031 2945 quarere,
1053 2857 1226 2945 quaeritur,
1244 2859 1418 2925 Sallustius
1434 2879 1511 2925 sane
1536 2860 1630 2925 adbi-

340 2963 432 3046 buit.
461 2963 553 3045 Quod
576 2985 651 3031 vero
672 2965 709 3032 ad
738 2986 847 3054 quaeso
874 2966 999 3046 attinet,
1024 2977 1147 3032 constat
1172 2966 1330 3032 Romanos
1352 2985 1460 3053 quaeso
1483 2967 1626 3044 verbum,

351 3070 406 3136 ubi
423 3073 626 3138 enuntiatum
642 3073 681 3138 ab
697 3092 733 3138 eo
749 3092 812 3139 non
828 3072 956 3158 pendet,
974 3074 1163 3158 plerumque
1179 3072 1368 3158 imperativo
1383 3073 1431 3138 vel
1445 3047 1628 3158 'praedicato

351 3180 669 3263 postponeresolitos
688 3199 767 3258 esse,
789 3200 884 3265 quem
899 3162 1019 3245 morem
1038 3199 1102 3245 non
1118 3179 1396 3266 sequiturNoster.
1416 3207 1427 3240 ι
1447 3181 1556 3266 Neque
1570 3180 1628 3247 hoc

349 3285 468 3351 mirum
483 3297 541 3365 est,
559 3287 739 3353 Schultaius
760 3288 864 3373 inquit
880 3288 925 3373 (p.
944 3287 1014 3374 (52),
1041 3286 1128 3372 quod
1148 3286 1337 3353 Sallustium
1364 3287 1532 3373 antiquum
1555 3306 1626 3353 ver-

350 3392 426 3459 bnm
441 3414 585 3481 quaesere
600 3413 656 3479 pro
674 3414 820 3481 quarere
834 3414 1003 3478 usurpasse
1018 3392 1171 3459 vidimus.
1190 3393 1280 3474 Quod
1296 3394 1403 3459 minus
1423 3393 1516 3479 politi
1530 3403 1626 3480 atque

349 3500 488 3566 accurati
505 3501 732 3580 sermonumt,
755 3501 808 3567 sed
828 3501 887 3566 hac
906 3501 1112 3573 collocatione
1127 3502 1223 3567 verbo
1248 3521 1356 3587 quareo
1377 3501 1479 3588 major
1502 3503 1550 3567 vis
1577 3512 1626 3567 at-

351 3606 547 3672 tribuitur.»
572 3607 660 3674 adde
676 3607 760 3694 quod
776 3609 902 3694 Fragm.
926 3630 949 3684 ι,
970 3610 1012 3673 55
1036 3607 1154 3694 quaesit
1178 3609 1315 3694 perlecto
1344 3606 1507 3674 indicativi
1536 3608 1624 3675 inve·

348 3713 436 3780 uitur
454 3736 461 3779 ε
481 3713 659 3781 Curionem
670 3714 786 3803 quasit
799 3715 850 3781 riti
863 3713 1053 3781 coricederet
1066 3715 1120 3780 ubi
1131 3734 1269 3800 praesens
1286 3725 1410 3800 tempus
1424 3714 1522 3801 recipi
1537 3727 1620 3781 recte

347 3840 409 3886 non
428 3832 540 3908 potest.
1547 3874 1552 3883 .

388 3928 559 4004 Neoumua.
579 3931 726 3995 -Hanc
742 3930 876 3996 lormam
893 3929 1052 4017 passivam
1074 3930 1151 3996 Cato
1172 3928 1204 3994 in
1228 3927 1420 4015 Oriqiuibus
1437 3929 1508 4016 (Ed.
1531 3928 1619 3995 lond.

345 4055 377 4120 p.
395 4036 428 4114 8,
449 4038 503 4122 ll)
521 4037 700 4122 usurpavit,
718 4057 813 4123 quem
834 4048 959 4104 secutus
983 4057 1049 4103 esse
1066 4035 1194 4103 videtur
1215 4035 1388 4102 Sallustius
1411 4037 1443 4102 in
1469 4036 1621 4102 Oratione

342 4143 483 4208 Memmii
497 4144 579 4230 (lag.
594 4144 703 4229 3Ι,8),
718 4165 789 4230 quae
801 4145 1004 4230 quidemtota
1017 4144 1153 4210 colorem
1165 4143 1367 4229 antiquitatis
1377 4143 1470 4209 valde
1482 4143 1618 4211 redolet:

346 4247 519 4338 Quidquid
530 4251 599 4317 siue
617 4251 780 4340 sanquine
794 4251 916 4318 civium
936 4250 1050 4317 ulcisci
1063 4249 1231 4338 nequitur,
1242 4250 1325 4338 jure
1337 4250 1468 4338 [ectum
1487 4249 1540 4317 ait.
1559 4251 1581 4316 F
1584 4271 1620 4316 a·

343 4356 474 4424 tendum
493 4367 598 4424 tamen
617 4369 663 4424 est
683 4359 766 4425 bunc
786 4379 879 4425 usum
899 4360 1015 4446 passivi
1036 4359 1068 4423 in
1096 4359 1192 4424 verbo
1211 4377 1335 4445 nequeo
1359 4358 1456 4424 etiam
1481 4357 1619 4425 aliorum

343 4465 518 4549 priscorum
533 4466 724 4551 scripturum
742 4456 907 4552 propriu‘m
922 4487 1000 4541 esse,
1018 4467 1104 4549 velut
1120 4466 1257 4532 Lucretii
1277 4465 1313 4550 (ι,
1338 4466 1452 4548 told),
1473 4465 1615 4542 Pacuvii,

343 4566 482 4633 Terentii
501 4569 625 4655 (Hecyr.
645 4589 685 4647 ιι,
706 4570 737 4649 l,
756 4569 824 4652 57),
848 4568 953 4634 Plauti
979 4569 1088 4655 (Persa
1104 4590 1139 4648 ιι,
1157 4570 1190 4647 2,
1209 4570 1268 4646 tm
1290 4567 1372 4634 Rud.
1394 4589 1436 4648 ιι,
1462 4570 1494 4645 l,
1516 4567 1571 4653 ΞΟ)
1591 4567 1614 4633 ¹.

372 4746 393 4794 l.
408 4743 445 4793 Cl.
463 4743 615 4802 Bruennert‚
631 4745 679 4794 loc.
693 4745 736 4793 eit.
752 4747 819 4807 p.9;
835 4744 963 4802 Schedia,
979 4760 1006 4808 p.
1023 4747 1061 4795 63.
