3314 5526
735 375 910 439 ..pg-

186 523 245 590 Od.
266 526 299 596 3,
324 525 377 604 to,
400 525 449 609 7),
476 524 605 590 tutioris
631 522 795 591 credentiae
822 525 946 612 (Quint.
976 527 1052 591 lust.
1086 527 1126 591 {2
1154 527 1317 611 protam),
1346 535 1461 594 tracum

185 651 278 695 ruore
300 631 376 716 (Cic.
403 632 505 698 Flacc.
530 633 584 710 ll,
607 633 678 720 31),
702 631 900 699 tutissimam
917 631 992 719 sore
1013 629 1161 698 Galliam
1182 633 1276 717 (Hist.
1298 634 1335 698 B.
1357 634 1398 701 G.
1424 634 1459 713 8,

187 738 241 816 et,
260 740 309 823 l);
331 737 386 804 sed
402 739 467 805 illis
483 739 630 806 omuibus
649 741 803 826 exemplis
819 751 874 805 aut
893 738 1053 805 similibus
1069 739 1259 805 vocabulum
1274 759 1348 807 cum
1366 749 1462 807 tutrrs

184 844 329 930 junctum
342 841 406 911 loci
419 844 683 931 significationem
699 846 805 913 habet.
824 854 953 931 excepto
974 857 1077 912 tamen
1093 845 1294 926 Quintiliano
1312 848 1460 934 exempla

187 951 272 1036 quod
289 960 322 1016 ut
336 952 528 1036 explicemus
544 972 666 1018 necesso
682 964 739 1019 est.
757 954 803 1019 Et
817 950 1003 1041 probabilis
1022 963 1146 1031 tomen,
1160 953 1277 1038 inquit,
1293 951 1462 1040 cupiditas

187 1055 409 1136 turrenorum,
435 1070 465 1123 ct
488 1057 578 1124 velut
601 1059 731 1125 tutioris
753 1058 918 1126 citocatia·
940 1070 987 1124 est
1006 1069 1142 1137 taratara,
1168 1057 1287 1146 quibus
1304 1059 1462 1149 paratior

188 1163 283 1229 nenio
302 1175 358 1229 cst.
375 1164 528 1244 Primum,
548 1175 581 1230 ut
595 1165 736 1232 durioris
754 1166 925 1232 verborum
940 1166 1173 1253 conjunctionis
1188 1167 1317 1252 culpam
1333 1186 1462 1234 excusa·
1554 1232 1558 1241 ,

189 1282 247 1349 ret,
263 1272 454 1357 particulam
468 1270 557 1337 oelrrt
572 1271 717 1339 adhibuit
724 1295 734 1351 ;
750 1272 864 1339 deinde
877 1292 941 1352 non
961 1273 1066 1339 dicere
1083 1272 1183 1338 voluit
1203 1272 1371 1340 audaciam
1383 1282 1465 1341 tute·

190 1378 253 1444 iarn
267 1390 324 1445 aut
335 1379 521 1464 praesidium
536 1380 663 1459 afferre,
679 1379 733 1446 scd
749 1400 822 1446 eum
836 1380 892 1466 qui
914 1389 1011 1446 tentet
1025 1399 1063 1446 ca
1078 1380 1195 1466 quibus
1210 1379 1353 1467 paratior
1367 1380 1464 1447 venia

189 1485 242 1565 sit,
259 1506 443 1572 quanquam
459 1485 608 1551 audacior
621 1486 677 1567 sit,
693 1498 850 1553 catanien
869 1488 935 1572 ipso
953 1497 1056 1552 tutum
1071 1485 1234 1573 essequod
1248 1487 1374 1553 veniam
1389 1507 1466 1573 spe·

190 1604 249 1659 ret.
268 1592 442 1659 Fatendum
457 1603 503 1657 est
522 1593 619 1676 igitur
638 1593 831 1680 adjectivum
846 1603 936 1659 ιιιιιιε
957 1613 1020 1660 non
1044 1593 1179 1660 activam
1198 1593 1262 1660 vim
1279 1593 1385 1680 reipsa
1404 1593 1467 1659 ha-

191 1701 265 1765 bere
283 1722 290 1763 :
313 1718 386 1764 nam
403 1697 492 1764 locus
512 1710 601 1764 tutus
622 1701 708 1766 locus
728 1700 858 1787 quidam
874 1711 920 1766 est
936 1700 967 1765 in
983 1721 1046 1785 quo
1063 1700 1121 1767 tuti
1140 1700 1253 1778 simus,
1277 1719 1340 1767 non
1357 1709 1466 1767 autem

193 1808 279 1872 locus
294 1805 347 1891 qui
366 1824 421 1870 nos
437 1814 519 1871 tutos
538 1806 664 1874 alliciat.
691 1807 894 1894 Quapropter
917 1807 1108 1893 scripturam
1132 1806 1344 1873 recentiorum
1362 1805 1466 1874 edito·

194 1933 263 1978 rum
283 1909 479 1978 lt'umidis...
497 1923 569 1978 tuta
588 1924 666 1979 suat
680 1914 885 2001 rejiciendam
904 1934 1079 1981 censemus.
1102 1915 1163 1980 Sed
1179 1914 1218 1980 ad
1234 1913 1395 2001 inceptum
1416 1934 1467 1981 re·

192 2033 365 2085 vertamur.

237 2145 273 2209 B.
290 2178 335 2192 -
352 2144 495 2211 illerum
513 2164 612 2230 genus
633 2156 679 2210 est
697 2145 907 2232 appositionis
931 2166 995 2232 qua
1017 2145 1250 2213 substantivum
1278 2144 1469 2232 simpliciter

195 2271 230 2316 ac
251 2252 319 2316 sine
343 2251 574 2336 particularum
595 2252 716 2318 auxilio
738 2253 890 2340 (exceptis
911 2262 1015 2318 tamen
1031 2251 1139 2340 quasi,
1158 2263 1331 2340 tanquam,
1348 2251 1467 2318 simili·

197 2359 265 2438 bns,
282 2357 307 2422 si
325 2358 481 2442 appositio
496 2377 560 2424 non
574 2359 732 2444 deleatur)
749 2360 956 2445 conjungitur
970 2379 1041 2425 cum
1056 2359 1209 2446 subjecto,
1231 2360 1322 2444 cujus
1341 2358 1469 2443 signifi-

195 2477 350 2530 canonem
376 2465 511 2531 delinit:
531 2466 610 2531 Hist.
635 2486 658 2544 1,
686 2466 742 2547 51,
778 2468 831 2545 ld,
867 2464 926 2553 qni
956 2448 1114 2531 uidemini
1136 2476 1229 2531 tanto
1254 2462 1346 2530 molo
1373 2467 1466 2550 quasi

196 2571 315 2636 iulmen
339 2582 452 2659 aptore
470 2593 503 2637 se
528 2572 665 2659 quisque
679 2593 719 2638 ne
738 2571 894 2659 uttinput,
925 2571 984 2640 scd
997 2571 1177 2662 prohibere
1205 2593 1246 2637 ne
1267 2570 1385 2637 conari
1396 2571 1468 2659 qui·

196 2675 288 2748 denas
314 2680 394 2742 llrst.
421 2698 443 2758 1,
464 2679 526 2754 ,l5‚
554 2679 607 2759 lt,
629 2678 694 2743 ruisi
712 2677 935 2766 adprobaritis
951 2701 1061 2745 ornrres
1077 2678 1350 2767 proscriptionem
1370 2679 1468 2743 inno-

132 2843 134 2847 .
195 2783 325 2848 ariorum
366 2783 406 2850 ob
444 2781 615 2855 diuitias...
648 2783 735 2850 borio
771 2785 894 2851 civium
923 2785 1118 2851 miserorum
1152 2787 1243 2871 quasi
1273 2784 1466 2851 Cimbricam

199 2893 337 2976 praedura
351 2912 470 2956 oenum
483 2902 543 2956 out
553 2889 638 2957 dono
652 2889 783 2969 dolonn
797 2893 838 2959 cl'.
854 2893 919 2959 Cic.
934 2913 989 2978 pro
1007 2895 1072 2977 lege
1085 2893 1196 2958 Mauil.
1214 2893 1254 2958 5:
1269 2889 1468 2957 Corinthum
1482 2889 1486 2895 ’

194 3009 306 3085 potres
320 2997 430 3071 rostri,
447 2997 545 3063 totius
560 2997 695 3064 Graecia
710 2996 833 3078 lumcn,
850 2999 1043 3065 instinctum
1058 2997 1248 3075 oolrtcrnnt3
1266 3001 1395 3069 Brutus,
1410 2999 1466 3075 75,

198 3107 279 3182 aaa
296 3103 388 3172 Nudi
401 3105 487 3170 enim
501 3115 578 3170 sunl
593 3106 853 3192 (commentarii),
867 3105 949 3171 recti
961 3117 993 3171 ct
1006 3105 1145 3185 ocrrrrsti,
1160 3104 1252 3171 omni
1263 3116 1383 3170 orrrotu
1395 3126 1468 3170 ora-

199 3211 296 3276 tionis
309 3224 467 3299 turtquom
478 3223 562 3277 ocstc
576 3209 742 3292 detracto3
755 3223 785 3278 et
801 3213 924 3278 Livium
938 3237 944 3278 :
959 3211 1116 3278 Flammae
1131 3211 1197 3277 late
1207 3213 1305 3301 susac,
1320 3211 1470 3277 certioris

200 3315 303 3383 clodis
329 3316 501 3398 iudicium,
523 3318 688 3406 propredi
714 3317 844 3407 lonpius
868 3317 1050 3406 prohibuit.
1073 3320 1207 3385 Dillicile
1235 3332 1281 3384 est
1309 3319 1470 3384 affirmare

202 3436 306 3489 utrum
327 3426 357 3489 iu
379 3425 436 3489 lrac
455 3425 688 3491 constructione
706 3425 867 3510 quoddam
888 3426 929 3490 sit
948 3426 1145 3491 attractionis
1164 3446 1273 3509 genus,
1296 3444 1335 3489 an
1360 3446 1471 3508 graeoaa

201 3531 340 3616 syntaxis
357 3531 491 3596 imitatio
501 3532 652 3609 valuerii3
669 3533 708 3598 di.
727 3531 841 3598 Herod:
860 3545 988 3615 Boudicca,
1005 3549 1075 3610 ἔθνος
1089 3547 1128 3600 ἑὸν
1143 3546 1376 3620 pipuuuirroiidu,
1387 3546 1471 3618 γλαῦ-

202 3665 245 3698 uou
259 3632 310 3698 nitu
326 3645 444 3719 ἰσχυρῶς
459 3644 515 3698 ἐστι
530 3650 573 3696 καὶ
587 3645 683 3719 troppau
701 3648 721 3699 ¹.

247 3754 302 3820 Sin
318 3765 423 3819 autem
439 3773 512 3818 vcra
527 3756 720 3840 comparatio
734 3755 953 3834 constituitur,
974 3774 1031 3820 nec
1043 3755 1109 3841 Jam
1129 3765 1163 3820 ut
1178 3754 1358 3840 appositum
1370 3753 1471 3838 priori

202 3860 410 3939 substantivo,
425 3861 478 3926 sed
495 3872 529 3926 ut
543 3862 722 3946 subjectum
738 3863 869 3927 alterius
884 3862 1041 3927 enuntiati
1058 3862 1293 3928 substantivum
1310 3878 1471 3946 propona-

205 3977 267 4046 tur,
286 3969 491 4054 praedicatum
506 3989 578 4034 curn
593 3969 701 4054 priore
716 3968 856 4054 subjecto
868 3969 1025 4054 congruit.

247 4094 281 4158 C.
302 4129 348 4143 -
365 4094 504 4158 Tertium
525 4112 623 4178 genus
647 4102 693 4158 cst
717 4092 926 4179 appositionis
949 4112 1012 4178 qua
1035 4091 1314 4181 subjectoplurali
1339 4108 1474 4156 numero

206 4200 305 4286 posito
323 4202 509 4286 pronomina
528 4199 674 4285 quadam
699 4199 918 4286 adjunguntur
939 4199 1056 4285 quibus
1082 4199 1260 4264 accuratius
1284 4197 1471 4273 deliniatur,

206 4305 402 4394 utquisque,
420 4318 568 4394 uterque,
589 4305 716 4372 alirn...
738 4305 837 4385 olins,
858 4305 981 4371 altor...
1000 4305 1096 4384 ulter,
1109 4326 1232 4394 pars...
1250 4325 1344 4393 pars,
1361 4303 1474 4387 singu-

237 4503 258 4548 ι.
274 4498 301 4546 ln
317 4498 372 4547 Cat.
388 4500 426 4553 58.
442 4502 479 4555 tt,
495 4499 625 4549 Potuistts
638 4498 764 4548 norrrrulli
780 4499 866 4547 loma
880 4498 987 4548 onvlvsis
997 4498 1069 4548 touls
1082 4499 1253 4559 oltrqosopcs
1264 4503 1416 4560 capulare,
1428 4511 1475 4543 vox

206 4568 325 4634 apposita
340 4588 353 4614 ιι
368 4571 493 4620 nonnulli
509 4586 522 4615 u
542 4585 677 4633 personam
693 4569 763 4618 verbi
780 4583 828 4616 nou
844 4569 961 4630 mutavit,
977 4569 1038 4632 quia
1056 4583 1105 4617 non
1124 4568 1182 4632 ipsa
1206 4567 1349 4630 subjectum
1362 4574 1412 4623 est.
1429 4565 1474 4614 sed

207 4639 353 4706 pronomini
369 4639 544 4702 subjecto'cos
558 4640 625 4704 quod
642 4641 719 4689 verbo
736 4639 883 4689 continetur
899 4654 945 4703 per
956 4638 1146 4704 appositionem
1162 4638 1320 4703 adjungitur.
1338 4638 1377 4686 Cf.
1392 4636 1475 4685 Bads-

218 4711 386 4772 neuneu-loc.
399 4713 442 4761 cit.
457 4728 482 4776 p.
498 4715 521 4771 5,
537 4721 590 4762 ιιοι.
607 4724 611 4731 ·
703 4774 709 4781 .
