3314 5526
696 386 891 442 -404-

155 523 293 612 positum
323 527 460 595 occurrit
483 528 566 614 (444.
592 527 646 606 40,
673 533 711 608 3;
738 530 793 606 db,
814 529 851 607 53
883 530 938 609 49,
955 531 988 606 3,
1005 532 1087 613 etc),
1113 548 1239 615 sempor
1266 531 1434 598 ferocum

154 633 218 699 aliu
240 633 410 720 participio
433 635 482 700 vel
508 634 661 721 adjectivo
674 634 836 721 junctum3
859 636 1024 701 nonnullis
1041 655 1114 701 vero
1129 636 1206 702 locis
1220 656 1293 702 cum
1307 637 1448 723 objecto

151 739 311 828 juugitur,
337 741 422 826 quod
447 751 555 807 utrum
580 742 673 807 tertio
700 762 740 807 44
762 752 848 808 sexto
869 762 942 807 casu
974 743 1111 826 positum
1133 743 1174 808 sit
1189 743 1431 810 incertumcst:

153 849 224 934 444.
241 849 295 922 70,
313 849 349 928 4;
367 848 422 926 89,
440 849 477 927 3;
493 848 550 926 94,
569 849 588 914 3
599 872 607 927 ;
622 848 690 914 Cat.
714 851 747 925 4,
767 849 802 928 4;
820 850 874 928 il,
898 851 928 915 4.
947 851 987 914 ,lt
1000 851 1072 935 lug.
1086 851 1140 930 44,
1154 851 1186 930 3,
1204 849 1434 940 enpectetiene

154 965 285 1030 eventus
312 952 434 1020 ciuium
464 953 593 1021 animos
618 954 757 1021 intentes
772 954 928 1044 pretedct,
952 957 1000 1021 vis
1026 966 1091 1022 tote
1115 957 1281 1044 participii
1313 959 1433 1044 passivi

155 1061 248 1139 inest,
281 1061 415 1148 ideoque
447 1061 487 1128 ab
516 1061 590 1128 aliis
617 1062 770 1149 exemplis
803 1061 1034 1148 sejungendum
1062 1063 1120 1129 boc
1151 1063 1287 1130 videtur.
1319 1065 1432 1130 Cetera

154 1169 298 1254 exempla
313 1170 357 1235 sic
375 1168 528 1254 explicari
545 1189 635 1254 posse
647 1169 726 1234 mibi
743 1168 903 1249 videntur,
922 1181 956 1235 ut
971 1170 1129 1236 ablativus
1144 1190 1207 1236 non
1223 1181 1258 1236 ut
1272 1171 1433 1258 objectum

154 1275 241 1341 verbi
264 1274 433 1361 participio
450 1275 558 1361 positi,
576 1275 629 1342 sed
646 1286 682 1341 ut
697 1295 827 1342 causum
846 1278 1061 1364 quaeanimos
1079 1275 1232 1359 intendit,
1248 1279 1298 1343 vel
1320 1277 1431 1344 inten-

154 1393 202 1448 tos
220 1381 318 1469 feeit,
341 1382 512 1469 designans
537 1383 704 1467 cogitetur.
732 1383 784 1449 Sic
803 1383 921 1448 clarior
945 1386 978 1448 444
1002 1384 1049 1448 vel
1076 1383 1240 1449 dil'llcilior
1265 1384 1319 1450 ille
1344 1385 1434 1450 locus

154 1489 222 1555 044.
254 1490 286 1567 4,
312 1490 345 1569 9,
374 1488 565 1577 quietique
585 1487 716 1578 nepotio
737 1489 882 1555 intentus
901 1488 1059 1578 praeclari
1079 1489 1241 1578 facinoris
1264 1502 1325 1557 eret
1350 1489 1434 1557 artis

155 1593 387 1684 donesemenr
402 1595 531 1684 praeerit,
546 1596 600 1661 ubi
617 1597 716 1662 nimio
732 1597 926 1682 aequalitatis
937 1616 1043 1663 amore
1058 1596 1211 1663 Froebuer
1231 1597 1362 1680 (Philol.
1375 1617 1431 1677 xv,

156 1705 187 1781 4,
206 1726 236 1790 p.
259 1705 350 1787 tut),
373 1713 407 1769 ut
423 1704 454 1768 in
472 1703 547 1770 locis
563 1723 661 1788 supra
679 1703 829 1784 laudatis,
851 1704 994 1770 dativum
1010 1703 1106 1784 videt,
1123 1705 1284 1792 corrigens
1302 1703 1436 1790 aliquoi

154 1809 283 1898 nepotio
300 1810 321 1875 ¹.
341 1811 388 1876 04.
410 1810 512 1877 Κ4444.
531 1810 570 1876 ed
585 1811 703 1908 Cati,
720 1811 740 1876 9
762 1821 793 1876 44
807 1812 878 1896 lug.
895 1812 948 1888 76,
967 1814 1000 1890 d,
1018 1812 1073 1898 qui
1098 1823 1129 1878 et
1143 1811 1287 1877 dativum
1301 1821 1332 1876 et
1346 1812 1435 1878 abla-

154 1916 256 1982 tivum
271 1917 396 1983 admitti
418 1937 507 2003 posse
532 1917 683 1998 4444444444,
709 1937 839 2005 remque
857 1918 1009 1997 declarat,
1031 1939 1095 2004 qua
1119 1921 1192 2005 quis
1216 1920 1355 1985 intentus
1373 1918 1429 1998 sit,

155 2044 219 2090 non
241 2024 399 2090 diversam
420 2045 486 2091 esse
509 2025 548 2090 ab
575 2046 623 2105 44,
645 2023 701 2090 eui
722 2027 788 2092 sive
812 2024 847 2090 in
871 2046 974 2113 quarn
1003 2027 1044 2091 sit
1067 2024 1221 2104 intentur,
1246 2027 1432 2110 confertque

155 2131 289 2196 verbum
313 2129 499 2220 implicare,
527 2131 612 2217 quod
627 2129 801 2218 saepissime
823 2152 895 2198 cum
916 2131 1054 2198 ablativo
1075 2133 1120 2197 rei
1144 2133 1348 2219 conjunctum
1369 2142 1447 2196 est..
1551 2152 1553 2156 “

156 2238 279 2304 Similis
295 2239 426 2304 ablativi
443 2259 519 2306 usus
534 2239 672 2305 occurrit
687 2240 799 2326 fragm.
813 2240 894 2305 Hist.
913 2261 955 2319 vv,
974 2241 1028 2318 44,
1044 2238 1150 2304 scales
1159 2261 1258 2329 peres
1270 2238 1432 2305 incenium

156 2342 345 2427 altitudine,
364 2347 416 2414 ubi
431 2368 495 2434 per
510 2345 625 2435 ulique
640 2367 676 2412 re
689 2347 733 2412 itu
748 2346 867 2412 dictum
885 2357 944 2427 est,
962 2361 996 2412 ut
1013 2367 1067 2432 pro
1088 2347 1220 2433 objecto.
1237 2347 1287 2412 cui
1306 2345 1432 2431 aliquid

158 2473 290 2536 paresse
305 2453 507 2529 enuntiatur,
524 2453 554 2517 id
570 2453 754 2546 4444444444
769 2472 832 2538 quo
853 2452 1146 2538 paritaselbcitur3
1164 2452 1204 2518 cl.
1228 2452 1319 2519 Ovid.
1341 2454 1427 2519 Fast.

155 2560 187 2634 b,
205 2559 280 2625 804.
299 2561 337 2624 In
361 2580 503 2646 queper
513 2557 806 2647 [eciesnobilitete
824 2581 898 2625 sue.
1115 2645 1117 2650 Ι

199 2667 338 2731 Verbum
358 2664 526 2731 intendere
544 2686 615 2732 cum
635 2677 772 2731 accusat.
793 2676 825 2730 44
844 2663 891 2732 ed
907 2686 1038 2752 prmpos.
1058 2666 1206 2754 jungitur
1228 2667 1299 2752 444.
1325 2665 1379 2745 43,
1395 2667 1428 2744 ’2,

121 2831 122 2834 ,
154 2770 200 2837 ed
218 2771 351 2850 bellurn,
364 2770 455 2860 qued
471 2782 718 2859 perterruerat,
735 2772 886 2838 eninecnn
903 2771 1059 2852 intendit;
1076 2772 1196 2839 cumin
1214 2788 1315 2858 praep..
1326 2774 1353 2839 4.
1372 2774 1428 2849 20,

156 2879 187 2956 4,
209 2877 244 2957 in
268 2900 407 2966 repnenn
431 2877 630 2944 Adherbalis
651 2879 802 2945 animum
823 2877 974 2944 intendit.
1002 2880 1158 2946 Similiter
1173 2901 1243 2946 curu
1270 2873 1430 2945 adverbiis

152 2997 271 3050 motum
295 2985 529 3052 indicantibus:
551 2987 621 3071 444.
645 2986 721 3066 404,
745 2988 776 3065 4,
789 2985 941 3074 peruenit
954 2985 987 3051 in
1003 2984 1163 3075 oppidum
1194 2985 1337 3064 Cirtam,
1364 3005 1429 3072 qno

154 3091 248 3158 initio
260 3092 431 3180 profectas
445 3091 647 3174 intenderet;
670 3095 723 3176 (ci.
744 3094 815 3179 444,
835 3094 910 3173 407,
937 3095 989 3178 7);
1006 3096 1077 3178 444.
1096 3095 1151 3171 04,
1172 3095 1202 3172 4,
1225 3092 1430 3158 obilierius

153 3197 338 3288 dertespicis
351 3197 440 3264 dictet
459 3197 573 3265 eodeni
584 3197 750 3266 intendere
764 3198 863 3279 videt,
880 3222 945 3288 qno
962 3198 1082 3288 cupido
1097 3199 1203 3264 enimi
1216 3197 1427 3278 hortabatur,

154 3307 207 3371 ubi
222 3304 399 3382 intendere,
418 3318 452 3371 ut
468 3306 602 3393 simplex
620 3305 760 3388 tendere,
776 3318 961 3392 potestatem
976 3320 1108 3372 conatus
1127 3318 1157 3371 et
1170 3307 1294 3371 consilii
1312 3306 1426 3383 habet3

155 3413 209 3496 (ci.
230 3415 301 3495 444.
322 3415 398 3492 404,
418 3415 453 3491 4;
476 3415 531 3490 74,
555 3415 599 3497 4).
617 3415 695 3480 Cum
719 3416 897 3480 accusativo
924 3416 990 3479 solo
1006 3413 1106 3479 activa
1126 3413 1155 3478 vi
1177 3413 1338 3478 invenitur
1355 3413 1427 3497 444.

154 3521 208 3600 75,
225 3520 262 3595 ’8,
285 3518 365 3606 qnia
380 3517 533 3587 Numidae
558 3519 671 3608 officie
696 3519 920 3599 intenderent3
946 3521 1016 3587 Cat.
1042 3522 1097 3600 54,
1118 3521 1150 3599 3,
1176 3518 1235 3599 ubi
1252 3517 1430 3585 intenderis

156 3625 341 3714 inpeniunr,
359 3624 463 3706 uelet3
480 3628 519 3691 cl'.
536 3628 765 3705 Babstuebner,
785 3648 815 3712 p.
834 3629 876 3692 tt
892 3626 999 3692 adnot.
1018 3627 1063 3691 '''.

197 3735 233 3798 B.
256 3769 300 3782 —
314 3735 449 3799 Dirrvus
469 3755 529 3798 cuu
549 3755 656 3799 venais
678 3755 815 3806 nussuus.
838 3736 951 3801 -Pro
967 3734 1105 3799 ablativo
1121 3745 1150 3799 et
1166 3755 1187 3798 o
1204 3733 1435 3819 praepositione

156 3841 258 3906 vorbis
275 3840 407 3925 passivis
422 3841 561 3919 dativus,
580 3842 760 3907 Graecorum
777 3861 873 3916 more,
893 3840 976 3927 apud
991 3861 1100 3907 omnes
1114 3842 1281 3927 scriptores
1296 3859 1367 3905 cum
1382 3859 1429 3924 44·

154 3947 290 4012 rundivu
324 3947 455 4034 adjungi
493 3951 583 4013 solet.
613 3947 707 4033 Apud
748 3948 928 4013 Ciceronem
959 3960 988 4012 et
1022 3947 1162 4033 ejusdem
1189 3947 1290 4013 aetatis
1330 3967 1429 4032 prosae

153 4053 306 4119 orationis
326 4054 507 4138 scriptores,
538 4055 736 4139 paucissimis
761 4056 916 4140 exeruplis
940 4056 1089 4140 exceptis,
1107 4053 1428 4139 participiotantum

152 4172 183 4224 et
194 4161 390 4244 temporibus
401 4160 441 4224 ab
454 4161 508 4224 illu
520 4159 672 4225 derivatis
684 4162 937 4246 usurpeturbcec
947 4173 1123 4238 structura3
1137 4159 1222 4245 apud
1238 4170 1344 4244 poetas
1357 4180 1428 4223 veru

153 4280 184 4332 et
203 4267 346 4332 'lacitum
368 4266 525 4350 (trigesies
548 4267 626 4351 4444)
650 4268 797 4334 omnibus
817 4268 936 4354 pariter
955 4267 1150 4353 temporibus
1166 4271 1306 4331 omnium
1325 4266 1428 4330 verbo·

153 4393 224 4438 rum
254 4373 401 4438 occurrit.
440 4375 472 4439 ln
500 4395 564 4460 qua
590 4375 823 4440 constructione
848 4376 929 4440 inest
954 4375 1038 4439 notio
1069 4374 1178 4458 aliqua
1206 4370 1370 4437 commodi
1389 4372 1427 4437 ad

153 4476 446 4565 porsonam'quam
478 4478 604 4547 dativus
629 4481 773 4568 designat
804 4481 1009 4566 pertiuentis3
1030 4478 1078 4545 sin
1101 4500 1173 4545 vero
1207 4480 1343 4564 perlecto
1374 4491 1429 4543 aut

158 4587 327 4671 plusquam
344 4587 480 4671 perlecto
497 4587 631 4671 positum
645 4587 687 4653 sit
699 4587 843 4661 verbum,
862 4586 1017 4652 actionem
1033 4585 1161 4651 omnino
1177 4587 1347 4670 perlectam
1362 4605 1428 4650 esse

184 4722 207 4765 l.
227 4717 284 4764 Hoc
299 4715 477 4766 testimouium
493 4732 508 4766 a
522 4718 718 4767 badstuebuero
732 4724 888 4767 mutuamur.
