3314 5526
749 439 945 497 ⁴215-

198 601 285 658 artes
315 591 433 670 animi,
459 590 580 680 quibus
602 612 734 658 stemma
767 589 932 658 claritudo
961 602 1120 680 paratur,
1150 591 1205 656 ubi
1240 599 1326 656 certa
1353 590 1474 677 specics

198 699 316 764 artium
331 711 406 764 nota
426 700 536 785 aliqua
555 699 662 765 addita
682 698 886 778 describitur,
904 719 1006 784 neque
1022 719 1094 765 vero
1110 711 1203 765 certae
1223 707 1306 763 artes
1322 697 1472 764 denotan-

198 817 261 871 tur.
279 807 317 871 Et
333 806 382 872 hic
397 806 528 891 quidem
553 832 564 866 ι
584 806 685 871 multo
703 806 798 871 latius
820 816 904 893 patet
923 828 1000 872 usus
1023 806 1182 892 participii
1202 805 1329 890 perlecti
1355 803 1472 890 passivi

197 932 294 999 quam
323 913 488 999 praesentis
511 912 622 993 activi3
644 932 839 999 quamquam
860 913 909 979 hic
936 933 1063 1000 quoque
1083 932 1158 978 usus
1181 912 1267 998 apud
1283 912 1472 979 Sallustium

196 1040 286 1106 aeque
310 1029 405 1106 atque
430 1020 516 1104 apud
533 1021 689 1086 Caesarem
708 1020 809 1105 magis
829 1020 1086 1106 circumscriptus
1101 1029 1147 1085 est
1170 1039 1267 1105 quarn
1287 1019 1373 1104 apud
1388 1018 1473 1084 Cice·

197 1146 306 1193 ronem
322 1141 352 1191 et
368 1127 506 1201 Livium,
525 1127 610 1212 apud
629 1147 708 1213 quos
728 1127 824 1193 etiam
836 1127 1107 1213 comparationem
1123 1126 1295 1192 admittunt
1315 1125 1471 1211 ejusmodi

196 1233 367 1319 participia
379 1233 388 1272 ¹
405 1233 528 1318 »,quod
538 1234 667 1319 quidem
677 1233 829 1298 Sallustio
841 1254 903 1298 non
916 1235 1008 1320 plane
1025 1234 1167 1319 ignotum
1181 1246 1244 1299 est:
1257 1231 1473 1322 suspectiores

197 1340 279 1425 (Cat.
299 1341 332 1418 t,
349 1341 388 1418 23
404 1341 444 1405 cl.
464 1340 529 1406 Cic.
548 1341 635 1407 Oret.
654 1343 687 1420 ⁶2,
707 1341 758 1427 l);
772 1340 985 1428 perpatiarcs
1001 1341 1094 1426 (llist.
1113 1362 1148 1418 u,
1165 1341 1239 1426 87);
1257 1336 1472 1405 inconsultius

197 1448 281 1532 (lug.
306 1447 361 1525 35,
378 1449 417 1527 63
440 1447 480 1512 cl.
501 1448 581 1512 Cas.
603 1448 633 1512 b.
655 1468 685 1533 g.
708 1470 731 1524 r,
756 1448 814 1526 453
837 1448 905 1514 Liv.
928 1449 983 1529 ll,
1005 1448 1023 1512 7
1033 1471 1042 1526 ;
1067 1447 1151 1513 Plin.
1171 1447 1243 1533 jun.
1261 1449 1378 1532 Paneg.
1397 1447 1470 1529 83);

188 1553 382 1642 promptior
399 1556 484 1640 (lug.
504 1556 557 1631 ll,
578 1555 664 1627 lzcl.
683 1555 818 1622 eicon.
841 1577 863 1633 1,
879 1555 950 1641 dl).
974 1557 1119 1620 «Eorum
1136 1575 1210 1620 vcro
1226 1554 1471 1639 participiorum

194 1681 266 1747 quae
284 1662 379 1746 vulgo
399 1661 507 1727 futuro
530 1661 648 1747 passivi
669 1661 906 1739 adscribuntur,
930 1682 1039 1728 revera
1059 1673 1165 1729 autem
1186 1662 1332 1747 praesenti
1354 1660 1470 1747 passivi

195 1767 399 1834 attribuenda
413 1779 498 1846 sunt,
512 1769 598 1855 apud
621 1779 763 1835 nostrum
791 1779 952 1835 auctorem
976 1771 1104 1835 nullum
1124 1769 1252 1835 invenio
1273 1768 1467 1853 exemplum,

195 1875 279 1960 quod
296 1875 414 1939 sitnon
435 1875 621 1942 adverbum
640 1876 779 1956 finitum,
796 1861 905 1941 sed'ad
926 1876 1024 1942 aliam
1039 1877 1203 1941 sententiae
1221 1885 1339 1962 partem
1359 1875 1403 1939 ita
1419 1895 1471 1940 re·

194 1984 307 2057 latum,
329 1991 364 2047 ut
388 1982 535 2067 adjectivi
555 1983 732 2048 attributivi
754 1983 856 2049 locum
878 1983 1031 2049 obtineat.
1054 1983 1168 2049 Otunia
1184 1983 1267 2049 onim
1287 1980 1467 2067 hujusmodi

193 2089 376 2175 participia,
395 2100 450 2154 aut
466 2090 602 2157 retinent
619 2091 781 2176 propriam
801 2091 889 2156 verbi
910 2090 1189 2176 significationem,
1202 2110 1271 2156 cum
1294 2088 1470 2175 oppositio-

185 2215 265 2262 nem
290 2196 475 2261 contineant
500 2196 545 2262 rei
570 2197 665 2263 verbo
695 2196 784 2263 finito
808 2197 967 2275 indicatae,
985 2198 1073 2262 velut
1094 2198 1162 2264 Cat.
1199 2197 1253 2275 lt),
1280 2198 1314 2276 2,
1331 2194 1471 2282 optanda

192 2301 291 2382 alios,
314 2311 369 2368 aut
386 2303 446 2368 viru
474 2303 637 2388 praedicati
663 2304 790 2382 habent,
816 2305 903 2370 velut
926 2305 997 2389 lug.
1024 2304 1057 2380 3,
1081 2300 1470 2382 inconcinnitas

197 2420 387 2498 tempestate
400 2410 563 2496 cupiunda
573 2408 737 2476 videntur.
756 2438 826 2470 v-
840 2437 851 2470 ι
866 2412 947 2477 Usus
964 2410 1123 2496 participii
1135 2410 1233 2476 luturi
1250 2410 1356 2486 activi,
1368 2410 1394 2474 si
1404 2409 1471 2474 dis·

192 2517 324 2582 cesseris
341 2517 380 2583 ab
402 2537 465 2583 uuo
491 2518 570 2596 l'oco,
592 2519 664 2604 lug.
686 2519 741 2595 27,
759 2519 791 2596 3,
814 2518 868 2584 ubi
889 2516 1092 2603 participium
1112 2516 1250 2605 scituros
1270 2515 1416 2602 adjectivi
1432 2516 1471 2581 si·

124 2653 127 2657 ·
191 2623 395 2709 gnificatione
420 2623 558 2708 positum
582 2635 642 2704 est,
671 2624 758 2709 apud
782 2625 972 2691 Sallustium
994 2625 1105 2689 nullus
1130 2633 1188 2701 est,
1218 2635 1313 2708 atque
1339 2622 1470 2689 omniuo

191 2730 361 2815 scriptores
381 2730 542 2797 inferioris
558 2731 686 2798 demum
705 2732 806 2798 aetatis
827 2731 995 2818 participio
1016 2731 1117 2796 futuri
1134 2730 1228 2796 activi
1248 2730 1306 2795 hoc
1322 2730 1470 2795 liberiore

190 2836 284 2903 modo
306 2837 353 2902 usi
374 2847 449 2902 suut
464 2837 487 2902 ².
516 2865 527 2898 ι
548 2839 782 2924 Deponentinm
801 2849 907 2904 autem
928 2838 1096 2904 verborum
1116 2837 1298 2924 participia,
1316 2837 1470 2924 quoniam

191 2946 338 3011 ellectum
358 2946 490 3011 actionis
514 2946 705 3032 significant,
723 2947 777 3032 qui
803 2947 881 3012 itaa
900 2945 1031 3031 propria
1052 2966 1111 3010 sua
1140 2964 1236 3010 causa
1255 2958 1286 3009 et
1305 2944 1391 3008 lente
1416 2963 1468 3009 re-

190 3062 296 3119 motus
310 3053 376 3137 cogi
384 3063 480 3132 tatur,
497 3063 531 3119 ut
543 3053 610 3138 ipse
626 3073 714 3119 novae
731 3053 864 3120 actionis
877 3062 1023 3119 naturam
1035 3052 1075 3117 ab
1091 3051 1155 3117 alio
1170 3050 1311 3137 subjecto
1327 3050 1471 3135 proficis·

190 3159 290 3225 centis
306 3159 432 3237 induat,
454 3179 516 3226 non
529 3160 622 3226 aliter
636 3159 697 3225 nisi
716 3159 845 3246 propria
859 3159 946 3225 verbi
962 3157 1196 3244 significatione
1216 3178 1252 3222 ex
1268 3157 1362 3223 verbo
1380 3157 1469 3222 linito

190 3265 363 3352 pendentia
384 3277 493 3331 auctor
520 3265 669 3332 inducere
686 3276 799 3352 potest,
830 3265 892 3331 nisi
918 3266 998 3330 lorte
1022 3263 1213 3360 deponentia
1247 3265 1315 3351 ipsa
1345 3264 1469 3350 passivo

189 3393 250 3440 usu
263 3387 483 3458 usurpantur,
502 3373 534 3441 id
549 3374 634 3460 quod
654 3373 808 3441 Sallustio
830 3372 1072 3438 usitatissimum
1086 3380 1133 3437 est
1151 3357 1175 3435 θ’.
1204 3397 1215 3430 ι

234 3487 409 3575 Participia
425 3489 555 3575 perfecti
581 3489 698 3575 passivi
724 3509 795 3574 quae
810 3489 871 3554 huc
891 3487 1051 3574 pertinent
1070 3497 1144 3554 sunt
1159 3487 1264 3553 talia:
1286 3488 1356 3554 Cat.
1379 3487 1412 3564 3,
1434 3488 1467 3566 Ξ,

191 3592 336 3661 ordeum
356 3592 659 3681 vt'detnrresgestas
678 3594 819 3662 scribere
830 3621 839 3677 3
857 3597 911 3672 ll,
925 3597 958 3672 6,
977 3592 1109 3661 tabulas
1129 3594 1240 3680 pictas,
1255 3615 1337 3658 casa
1357 3594 1469 3658 caelata

189 3701 310 3767 mirari
316 3725 329 3780 3.
342 3703 397 3781 56,
409 3704 441 3780 3,
454 3701 515 3768 clii
530 3714 706 3788 praeacutas
717 3701 808 3769 sudis
818 3699 1018 3790 portabant3
1034 3702 1105 3787 lug.
1117 3701 1170 3780 la,
1181 3703 1216 3775 5,
1233 3699 1379 3767 scrutari
1395 3699 1468 3765 loca

191 3808 313 3888 abdita,
331 3812 441 3874 clause
455 3808 650 3898 effrinpere3
672 3810 727 3890 48,
744 3812 777 3888 2,
798 3830 859 3897 per
874 3808 1023 3875 tramites
1041 3809 1196 3885 occultos3
1214 3809 1269 3886 58,
1292 3809 1325 3886 7,
1346 3805 1382 3871 in
1396 3804 1468 3872 loco

188 3915 313 3981 munita
328 3936 362 3981 sc
376 3916 512 4004 recepit3
531 3919 585 3989 75,
604 3918 636 3996 l,
654 3939 757 4006 quom
767 3915 965 4005 plurumum
984 3925 1092 4004 potest
1105 3914 1217 3981 domiti
1231 3913 1371 4002 pecoris,
1394 3913 1467 3999 qui·

189 4023 247 4089 bus
267 4023 418 4088 omnibus
446 4023 523 4090 locis
544 4024 748 4111 participium
772 4036 802 4090 et
821 4024 1053 4089 substantivum
1077 4021 1237 4087 artissime
1258 4021 1342 4086 inter
1360 4040 1392 4086 se
1420 4041 1467 4086 co-

190 4130 325 4211 lavent,
350 4152 449 4217 quum
475 4131 507 4198 id
532 4144 645 4218 agatur
670 4143 704 4198 ut
721 4131 922 4199 audientium
937 4130 1042 4195 animo
1067 4137 1160 4194 certae
1178 4127 1293 4213 speciei
1317 4128 1467 4214 cogitatio

190 4237 355 4303 offeratur.
382 4240 494 4324 ltaque
516 4238 556 4304 ad
570 4260 608 4306 ee
629 4239 799 4326 participia
823 4238 983 4305 ablativus
1004 4255 1146 4322 personae
1165 4234 1302 4320 alicujus
1319 4235 1467 4302 amedera

194 4364 257 4410 uon
274 4355 387 4429 potest;
404 4365 478 4412 nam
498 4347 625 4412 ellectus
640 4348 772 4434 ejusque
788 4366 884 4412 causa
901 4345 957 4410 tali
980 4343 1103 4409 ratione
1119 4342 1202 4409 iuter
1215 4361 1249 4408 se
1263 4341 1467 4409 continentur

218 4486 242 4605 3.
261 4484 583 4623 1iiiiiiriislpiiiiidjectivo
594 4558 708 4621 positum
718 4557 785 4622 apud
798 4557 948 4607 Ciceronem
961 4555 1061 4605 nonnisi
1076 4555 1101 4603 in
1112 4551 1283 4603 locutionibus
1297 4567 1340 4606 res
1353 4554 1465 4619 saturn,

186 4625 284 4691 futuro
301 4628 345 4690 (ε
359 4641 392 4678 ca
405 4630 610 4692 compostellani
625 4635 739 4694 tempore
751 4629 927 4693 sntnrcsont)
942 4628 1078 4677 invenitur.
1089 4623 1159 4689 (vid.
1170 4627 1299 4679 Ktthnast.
1316 4626 1362 4678 llic
1377 4629 1465 4678 Haut·

186 4698 342 4760 prnnlteder
355 4699 531 4752 ltoiontvclven
545 4704 654 4764 spatae,
669 4716 697 4765 p.
716 4701 783 4762 267).

219 4780 242 4826 3.
263 4777 334 4839 Lilie,
348 4794 372 4842 p.
389 4779 440 4829 7-8,
