3314 5526
720 467 759 477 -
786 434 853 506 777Ι
875 467 915 477 -

185 579 336 646 venitur²
359 580 453 646 :Cat
471 579 503 657 6,
522 579 632 660 3777,
654 579 707 658 72,
724 581 763 658 2;
785 581 840 657 27,
859 581 896 660 2;
923 579 977 656 37,
1001 578 1154 662 7;39,2;
1170 582 1242 667 lug.
1259 581 1319 660 6,7
1333 578 1460 661 ;20,8;

185 688 239 766 36,
254 689 292 766 2·;
311 687 366 763 377,
385 687 421 765 7;
439 687 492 764 73,
509 687 545 765 3;
561 687 615 763 55,
637 686 674 764 2;
696 687 751 767 58,
769 687 874 767 3;72,
891 686 930 766 2;
950 687 1006 766 96,
1024 688 1061 768 2,
1078 687 1133 766 98,
1155 688 1190 768 7;
1207 686 1262 768 98,
1278 688 1317 766 6;
1333 689 1417 755 Η777.
1436 711 1458 767 7,

186 796 228 861 70
236 819 245 875 ;
258 814 402 883 praeseus
416 813 490 859 7777
505 792 708 873 historicum,
725 794 794 860 Cat.
813 795 868 872 77,
886 794 922 872 7;
937 794 992 874 60,
1011 796 1046 870 7;
1063 796 1134 882 Jug.
1150 795 1203 871 ll,
1218 795 1256 874 83
1276 796 1329 873 75,
1346 797 1368 862 2
1376 821 1386 877 ;
1402 796 1458 877 23,

185 898 1458 983 7;33,3;37,7;38,7;79,7·;50,7;57,7;69,2;70,5;75,70;82,

183 1009 220 1086 2;
235 1008 291 1086 83,
313 1008 350 1089 3;
367 1008 423 1085 87,
442 1008 477 1086 7;
496 1008 552 1087 88,
574 1009 611 1085 2;
628 1009 683 1086 97,
703 1009 738 1086 7;
759 1006 835 1085 707,
854 1010 890 1087 7;
913 1007 990 1086 707,
1007 1009 1038 1074 7.
1062 1007 1148 1074 Adde
1168 1008 1223 1087 76,
1241 1009 1273 1087 3,
1289 1009 1343 1075 7777
1362 1010 1461 1095 pl'e'r'i·

184 1132 245 1202 qne
267 1113 389 1180 codices
411 1115 637 1200 manuscripti
660 1114 740 1180 77777
748 1112 847 1202 jubet
862 1114 1010 1194 77777777,
1033 1122 1068 1180 77
1090 1114 1208 1200 optime
1224 1114 1456 1182 demonstravit
1517 1096 1521 1102 ¹

183 1221 347 1287 Koziolius
364 1220 401 1306 (7.
421 1223 442 1285 7.
462 1242 493 1307 p.
517 1221 563 1305 6).
591 1221 825 1309 Imperfectum
850 1220 1011 1306 praeeedit,
1029 1241 1129 1308 quum
1145 1221 1283 1288 actiones
1302 1241 1375 1310 quee
1402 1243 1460 1309 per

185 1327 360 1424 7707777777
379 1327 600 1413 significantur
619 1337 759 1412 tempore
783 1348 847 1414 quo
868 1328 969 1395 altera
990 1328 1025 1394 bt
1044 1329 1131 1401 actio,
1144 1328 1390 1414 superveniunt,
1422 1350 1459 1396 ex

184 1454 231 1519 gr.
248 1435 317 1501 Cat.
344 1435 399 1514 27,
416 1435 454 1512 2;
473 1435 544 1519 lug.
561 1435 594 1513 7,
612 1434 648 1511 5;
667 1433 721 1511 30,
741 1432 779 1512 2;
803 1434 912 1513 39,2;
934 1435 987 1513 77,
1007 1434 1044 1514 5;
1063 1432 1117 1510 76,
1137 1435 1174 1506 67
1193 1436 1247 1514 77,
1274 1436 1310 1514 7;
1334 1436 1390 1516 57,
1416 1436 1455 1517 5;
1515 1467 1518 1472 ·

184 1543 238 1618 55,
255 1541 365 1619 8;60,
383 1542 421 1618 7;
443 1542 497 1616 77,
520 1543 557 1620 7·;
578 1540 634 1618 97,
652 1541 688 1620 7;
706 1541 761 1619 92,
783 1542 901 1618 2779;
918 1542 1177 1621 97,2777;97,
1194 1543 1231 1622 5;
1251 1542 1454 1633 tonsum.

178 1649 242 1715 ¹Sin
256 1668 331 1714 vero
347 1648 428 1713 actio
443 1648 580 1732 perfecta
595 1647 723 1733 quidem
739 1658 797 1727 est,
814 1647 868 1714 sed
886 1648 990 1714 adbuc
1008 1648 1041 1713 in
1065 1649 1226 1734 praeterito
1246 1668 1303 1734 per
1323 1648 1453 1717 77777777

184 1755 291 1831 durat,
308 1755 351 1821 ita
372 1764 406 1820 ut
421 1774 470 1819 res
492 1774 548 1840 per
564 1753 739 1820 infinitivos
753 1774 908 1840 expressae
923 1755 952 1820 in
969 1754 1106 1820 mediam
1125 1774 1195 1820 eam
1210 1755 1364 1833 incidant,
1380 1762 1458 1823 tunc

181 1859 553 1951 plusquamperfectum
580 1873 767 1947 usurpatur.
789 1860 888 1946 Cujus
901 1861 1031 1949 quidem
1047 1862 1197 1948 temporis
1216 1882 1305 1940 usus,
1324 1861 1349 1928 si
1374 1862 1458 1929 ratio

197 1967 430 2035 infinitivorom
446 1966 668 2034 historicorum
685 1969 771 2054 apud
785 1978 929 2034 nostrum
949 1979 1109 2036 auctorem
1129 1969 1297 2048 habeatnr,
1326 1968 1457 2035 rarissi-

183 2094 256 2141 mus
274 2074 336 2141 dici
356 2085 455 2161 potest
476 2098 484 2140 7
511 2094 670 2162 nusquam
686 2075 783 2154 enim,
804 2075 837 2141 ni
861 2075 970 2155 lollor,
995 2076 1156 2142 invenitur
1175 2075 1236 2142 nisi
1258 2074 1326 2144 Cat.
1345 2074 1399 2156 73,
1418 2077 1455 2158 3;

183 2183 254 2269 tog.
277 2183 332 2259 67,
354 2182 391 2262 5;
410 2181 519 2261 73,,7;
541 2181 596 2256 89,
615 2182 645 2247 7.

228 2273 375 2355 ¹bctionos
388 2288 517 2376 quidem
534 2308 605 2374 qure
627 2288 801 2354 infinitivus
821 2286 985 2354 historicos
1001 2286 1195 2374 precedunt,
1210 2288 1317 2355 tinilis
1334 2270 1460 2377 tempo-

184 2397 274 2462 ribus
285 2414 453 2483 expressae,
476 2397 508 2461 in
524 2396 588 2462 duo
603 2415 719 2481 genera
734 2394 834 2461 dividi
850 2406 991 2482 possunt.
1008 2393 1185 2464 Nonnullae
1199 2395 1285 2462 enim
1300 2396 1460 2485 ejusmodi

184 2514 259 2571 sunt
273 2517 309 2568 ut
324 2503 472 2570 universe
491 2502 657 2588 designent
677 2501 708 2568 id
724 2501 809 2589 qnod
825 2502 939 2569 deinde
959 2501 1127 2568 infinitivis
1141 2501 1367 2588 explicabitur,
1385 2514 1462 2570 tan-

184 2630 281 2698 quam
294 2611 392 2676 variae
407 2629 443 2675 77
455 2609 594 2675 definita
609 2610 704 2675 iacies
717 2608 804 2675 777777
819 2609 996 2675 communis
1012 2609 1171 2676 notionis:
1188 2608 1325 2696 exempli
1338 2610 1459 2696 g'ratia,

184 2719 252 2784 Cat.
271 2719 324 2793 72,
346 2719 379 2795 2,
396 2714 499 2804 ipitur
513 2736 554 2781 77
573 2713 696 2781 diuitiis
709 2715 918 2804 juventutem
941 2713 1077 2781 lueuriu
1101 2727 1201 2803 utque
1219 2714 1363 2781 auaritia
1383 2737 1462 2783 cum

182 2823 337 2913 superbia
355 2823 530 2888 inuasere:
550 2842 678 2910 rupere,
697 2843 898 2903 consumere,
915 2842 977 2888 suu
987 2819 1256 2912 pervipendere,
1273 2821 1384 2887 alicua
1399 2844 1463 2888 cu-

104 2971 109 2981 ·
180 2951 271 3019 pere,
285 2929 465 3018 paedorem,
482 2927 694 3018 pudicitiam,
716 2925 948 3017 dirimuntque
968 2928 1118 2995 17777777
1137 2927 1342 3016 promiscuo,
1369 2926 1463 2995 nihil

176 3036 277 3127 pensi
293 3057 398 3124 memte
411 3034 575 3102 moderati
592 3033 729 3113 bobere3
751 3036 784 3115 6,
802 3036 839 3117 3;
863 3036 915 3115 73,
936 3036 972 3114 3;
990 3037 1045 3116 27,
1062 3038 1099 3116 2;
1120 3035 1174 3115 37,
1194 3037 1229 3113 7;
1250 3037 1322 3122 Jug.
1341 3035 1396 3117 50,
1414 3037 1456 3117 7;

183 3146 239 3225 67,
256 3146 289 3222 5,
306 3154 380 3220 777,
397 3155 455 3210 777.
474 3141 559 3210 Aliae
573 3163 649 3209 vero
663 3144 707 3230 (77
722 3143 851 3230 quidem
865 3145 966 3209 multo
981 3143 1228 3229 numerosiores)
1257 3143 1457 3210 narrationis

184 3251 308 3337 aliquid
329 3251 494 3338 effingunt,
512 3250 556 3316 ita
570 3261 605 3316 ut
620 3252 775 3316 actionem
790 3250 1017 3336 precedentem
1031 3250 1278 3335 subsequantur,
1296 3249 1387 3314 nulla
1404 3269 1459 3316 no·

184 3359 270 3425 tione
292 3358 442 3424 universa
466 3357 668 3444 interposita,
688 3357 786 3423 variae
812 3357 945 3423 actionis
969 3376 1059 3422 77777
1083 3357 1179 3422 facies
1198 3376 1262 3423 uno
1282 3355 1461 3442 eodemque

184 3477 324 3552 tempore
340 3463 472 3530 alternis
486 3463 608 3529 vicibus
622 3465 777 3548 repetitae,
794 3464 828 3529 u't
843 3463 936 3529 777777
950 3463 1074 3548 agnosci
1088 3472 1189 3549 potest
1204 3482 1241 3530 ex
1256 3464 1314 3529 boc
1331 3464 1396 3528 loco
1411 3463 1461 3528 in·

183 3585 232 3639 ter
251 3573 406 3659 plurimos
427 3573 506 3637 lecto
526 3593 533 3635 :
550 3571 620 3656 777.
641 3570 717 3650 700,
735 3569 767 3647 3,
780 3570 945 3659 perfugere,
967 3569 1114 3636 minume
1135 3566 1207 3635 cori
1229 3580 1260 3636 et
1281 3567 1459 3658 reqionum

182 3677 409 3759 scientissumi,
426 3675 571 3743 bostium
589 3676 652 3742 iter
661 3675 890 3764 euplorobcut.
903 3674 1016 3742 Simul
1023 3674 1139 3742 cousul
1147 3674 1344 3761 qrtosiuullo
1360 3674 1460 3764 iupo-

182 3785 244 3851 sito
253 3782 555 3873 omuioprooiolere,
566 3781 660 3872 opud
668 3781 903 3864 outuisodcsse,
918 3781 1097 3849 lottdcrcet
1107 3782 1277 3871 increpare
1289 3782 1457 3848 utercutis.

228 3896 262 3961 7⁰
280 3896 327 3958 Dc
335 3890 515 3982 particulis
530 3902 656 3980 tempus
668 3887 897 3980 definiere-tibus
911 3900 985 3978 petae
1000 3887 1277 3978 iuitiopreepressi
1290 3887 1462 3954 euuuciutt'

184 4010 371 4067 occurrunt.
393 4035 438 4050 -
455 3998 571 4066 Omnia
596 3999 659 4063 7777
681 4007 919 4082 temporaque
942 4016 1040 4083 supra
1069 4007 1178 4062 notata
1201 4007 1275 4062 sunt
1302 3995 1399 4061 etiam
1424 3996 1459 4061 in

184 4107 363 4175 enunciatis
377 4116 500 4190 ternpus
521 4104 752 4171 inlinitimrum
776 4102 1004 4170 definientibus
1025 4102 1246 4180 inveniuntur,
1263 4121 1363 4189 quum
1382 4121 1459 4167 con·

181 4212 363 4298 junctiones
368 4224 552 4301 postquem
571 4218 626 4276 aut
639 4207 806 4275 ubiinitio
822 4209 983 4276 enunciati
1001 4208 1206 4295 precedentis
1223 4209 1332 4294 positae
1352 4218 1428 4273 sunt
1448 4230 1455 4272 :
1532 4212 1533 4217 ’

184 4321 365 4406 Postquam
388 4338 460 4384 7777
475 4318 622 4406 perfecto
641 4318 709 4382 Cat.
733 4316 787 4395 77,
813 4318 846 4396 7;
873 4318 929 4396 20,
955 4318 991 4396 7;
1017 4317 1164 4402 777-72,
1188 4316 1226 4392 5;
1247 4315 1302 4392 87,
1327 4315 1361 4393 7;
1385 4333 1459 4380 cum

181 4424 339 4514 presenti
350 4423 504 4490 historico
517 4425 588 4510 lug.
608 4424 664 4503 66,
685 4424 721 4504 l;
743 4424 799 4498 79,
815 4425 853 4503 73
870 4441 941 4489 cnm
957 4422 1231 4510 imperfectocat.
1252 4422 1306 4499 56,
1329 4421 1365 4498 7;
1383 4420 1456 4506 Jug.

187 4532 241 4611 73,
254 4530 490 4612 5;-757”77777
500 4531 650 4619 perfecto
665 4531 733 4597 Cet.
751 4532 807 4609 57,
824 4529 884 4609 30;
900 4532 971 4617 lug.
984 4530 1089 4608 60,5;
1100 4530 1155 4605 97,
1169 4529 1205 4606 3;
1222 4528 1308 4606 97,6
1326 4550 1334 4604 ;
1353 4524 1458 4615 (plus-

218 4702 241 4750 7.
256 4699 307 4749 7777
320 4698 377 4748 loca
394 4704 493 4748 tantum
502 4698 658 4748 indicemus
672 4697 699 4749 iu
714 4696 808 4761 quibus
824 4696 875 4746 duo
889 4702 935 4746 777
945 4696 1033 4762 plnres
1047 4695 1164 4744 infinitivi
1176 4694 1294 4745 historici
1307 4699 1457 4756 versuumn

187 4779 274 4820 cetera
286 4770 469 4834 producentur,
481 4784 541 4818 cum
556 4768 589 4818 de
600 4768 731 4818 infinitivis
744 4767 921 4832 singularibus
934 4773 1036 4838 egetur.
1052 4767 1094 4830 (V.
1109 4782 1135 4830 p.
1150 4764 1216 4830 767.)
