3314 5526
673 377 921 448 ,-196-

224 521 330 585 dueta
344 541 384 586 oe
397 519 427 587 si
440 523 578 588 occurrit
591 524 662 608 lug.
679 524 733 602 15,
750 523 783 603 8,
793 521 899 610 jacta
913 541 953 586 oc
966 518 997 584 si
1013 517 1120 584 bostes
1133 517 1285 584 adessent
1296 517 1392 585 callo
1410 529 1466 585 ot·

180 643 246 710 pue
257 624 351 712 fosso
368 626 500 695 manire
521 629 674 715 (eastra);
690 629 731 695 cl.
748 631 777 695 J.
797 630 873 705 108,
891 628 923 702 7,
938 625 1052 715 pratia
1066 646 1126 712 par
1140 646 1177 691 ac
1195 626 1221 691 si
1238 646 1348 714 prope
1366 623 1466 693 ades

181 750 303 812 smnus,
319 743 351 799 el
363 735 391 800 J.
410 736 465 815 16,
480 736 512 810 5,
533 737 650 823 pariter
665 757 701 803 ac
715 736 742 802 si
757 733 863 801 bostes
878 731 1036 800 adessent.

227 837 261 904 3⁰
272 838 454 907 Priscorum
468 853 634 909 auctorum
649 852 856 921 structuram,
872 862 935 927 quo
948 839 1057 928 mopis
1067 841 1114 905 vel
1123 837 1236 928 potiris
1246 839 1401 906 adverbio
1411 839 1467 905 de·

184 953 283 1012 tracto
298 967 401 1034 paam
411 950 521 1015 solum
531 949 667 1036 ponitur
683 951 716 1016 in
731 949 981 1035 comparatione,
1003 968 1021 1013 a
1037 947 1193 1015 Sallustio
1208 957 1394 1012 renovatam
1410 947 1466 1012 al·

185 1051 316 1120 firmant
329 1056 480 1123 nonnulli
497 1056 698 1143 interpretes,
715 1076 753 1122 ex
768 1056 846 1122 setis
860 1055 1018 1121 bonorum
1032 1053 1177 1121 codicum
1192 1052 1275 1119 fide:
1291 1053 1361 1120 Cot.
1379 1055 1417 1133 9,
1429 1054 1465 1132 5,
1516 1038 1521 1052 ’

184 1155 315 1247 inpare
328 1182 417 1244 cero,
431 1161 521 1251 qaod
534 1162 697 1253 beneficiis
711 1161 845 1251 [mapis]
864 1182 964 1250 paam
976 1171 1067 1227 metu
1078 1159 1256 1249 imperium
1267 1157 1484 1248 apitobant;·

186 1275 218 1329 at
231 1265 396 1335 lecobsius
413 1280 444 1335 et
457 1270 627 1348 Jordauus,
645 1269 780 1356 optimos
797 1269 895 1337 libros
911 1278 1091 1354 sequentes,
1107 1265 1215 1356 mopis
1228 1265 1468 1339 restituendum

185 1384 388 1440 censuerunt.

229 1479 456 1571 Broebylopia
470 1483 610 1551 notanda
624 1495 671 1549 est
689 1483 834 1568 pluribus
851 1483 939 1560 locis,
957 1494 994 1548 ut
1007 1483 1079 1568 lug.
1096 1482 1152 1561 63,
1169 1483 1203 1561 5,
1219 1478 1414 1570 semperque
1430 1478 1469 1545 in

179 1587 402 1672 potestatibus
416 1611 453 1655 eo
468 1589 565 1656 modo
584 1578 747 1679 apitabbt,
764 1601 801 1655 ct
814 1588 978 1678 ampliore
996 1609 1099 1676 paam
1117 1586 1254 1675 perabat
1267 1585 1389 1676 dipnas
1403 1585 1469 1653 ba-

187 1687 333 1771 beretar3
349 1696 391 1762 ci.
408 1698 436 1762 J.
456 1698 512 1778 86,
530 1701 566 1775 1;
581 1698 662 1762 Hist.
680 1719 728 1774 ru,
749 1698 779 1774 l,
797 1699 833 1776 l;
849 1718 872 1774 1,
890 1699 970 1776 100;
988 1718 1035 1776 ιιι,
1051 1697 1107 1774 88,
1125 1696 1179 1762 88.

230 1800 343 1889 Sapra
361 1824 476 1892 paam,
493 1804 579 1890 quod
593 1805 642 1872 bis
656 1805 722 1872 fere
738 1804 823 1890 apud
837 1805 1022 1871 Ciceronem
1038 1804 1176 1870 occurrit
1192 1823 1227 1868 ac
1243 1811 1352 1888 postea
1368 1801 1470 1868 raris-

187 1904 366 1989 simumfrt,
385 1911 469 1997 apud
483 1913 673 1978 Sallustium
690 1912 806 1997 legitur
819 1913 888 1978 Cat.
906 1913 939 1989 5,
957 1912 990 1991 3,
1003 1932 1107 1999 snpra
1119 1931 1221 1997 qaam
1232 1909 1470 1997 caipaomcre·

188 2008 289 2079 dibile
303 2027 362 2096 est,
380 2020 491 2105 etJug.
510 2021 564 2097 81,
581 2021 615 2097 5,
631 2017 697 2085 nisi
710 2031 820 2084 tamen
830 2016 978 2106 intellipo
990 2016 1086 2083 illam
1095 2038 1198 2106 snpra
1208 2037 1310 2105 qaam
1321 2035 1382 2103 epo
1391 2034 1472 2081 sum

185 2130 309 2205 petere.
328 2122 422 2191 Ultra
441 2147 543 2214 qnam
558 2128 643 2212 quod
657 2124 743 2213 apud
758 2137 878 2191 ceteros
891 2125 1091 2212 frequentior
1102 2133 1148 2190 est
1164 2124 1196 2190 in
1212 2123 1359 2191 Sallustii
1374 2122 1473 2188 libris

190 2244 253 2291 non
272 2227 444 2298 invenitur.

159 2363 163 2369 ·
232 2335 348 2404 Potius
362 2359 464 2427 paam
475 2351 504 2407 et
515 2339 749 2427 conjunctivus,
766 2339 966 2406 consecutive
980 2348 1034 2405 aut
1049 2338 1138 2404 lmali
1150 2337 1394 2423 significatione,
1410 2357 1472 2423 pro

187 2438 302 2527 potins
321 2466 423 2533 qaam
438 2458 486 2527 at,
505 2448 667 2513 invenitur
685 2448 755 2532 lug.
780 2447 856 2525 106,
873 2446 906 2525 3,
922 2465 1118 2511 mansarum
1135 2443 1249 2533 potins
1267 2464 1370 2530 qnam
1384 2465 1473 2533 pro·

189 2542 266 2613 ditis
281 2569 363 2637 qnos
377 2551 528 2634 ducebat,
551 2552 642 2642 turpi
652 2553 740 2641 sapa
753 2589 798 2602 —
812 2550 887 2618 viter
894 2562 1066 2640 parcerem
1081 2552 1152 2636 lug.
1174 2553 1229 2624 81,
1251 2552 1285 2628 9,
1305 2571 1387 2616 nam
1408 2570 1472 2638 epo

190 2653 325 2738 quidem
341 2659 457 2726 vellem
471 2672 502 2726 et
515 2658 584 2726 baro
602 2681 675 2747 pam
692 2657 798 2725 scribo
813 2669 845 2724 et
862 2657 923 2723 illa
942 2679 1015 2745 qaae
1034 2669 1132 2723 aretem
1150 2657 1317 2724 insertato
1332 2668 1472 2745 questus

190 2780 264 2827 sam
283 2786 371 2831 vano
388 2768 511 2856 forent,
525 2766 642 2856 potins
661 2787 764 2854 qaam
782 2765 917 2831 miseria
935 2763 1123 2853 meafidem
1137 2762 1244 2830 uerbis
1259 2764 1403 2852 faceret,
1425 2766 1468 2831 cl.
1497 2748 1499 2753 ’

191 2866 260 2933 Cot.
277 2872 332 2952 58,
350 2875 405 2954 81,
422 2885 452 2939 et
466 2874 566 2940 Tacit.
586 2894 661 2938 ann,
679 2895 726 2951 ιιι,
744 2873 800 2952 37,
816 2871 881 2939 bae
891 2872 1003 2961 petias
1022 2870 1217 2950 intenderet,
1234 2908 1278 2922 -
1297 2891 1401 2959 qaam
1416 2892 1493 2961 so·¹

192 2971 243 3041 las
258 2979 422 3047 —‘molas
435 3002 532 3047 caras
546 2979 700 3069 apitaret.

240 3083 349 3163 (laam
366 3099 433 3172 post
447 3089 580 3154 verbum
594 3086 695 3152 molle
713 3087 887 3172 sepissime
907 3088 1061 3164 occurrit3
1079 3097 1150 3172 post
1161 3095 1301 3175 praestat
1315 3087 1472 3172 imperso-

193 3190 265 3255 nale
283 3192 329 3258 bis
346 3204 469 3261 tautum
485 3219 492 3260 :
510 3197 579 3262 Cat.
597 3196 653 3274 80,
670 3195 703 3274 9,
720 3214 828 3259 ιιοηιιθ
842 3192 947 3259 emori
953 3214 1019 3282 per
1033 3192 1187 3259 virtutem
1198 3204 1347 3282 praestat,
1364 3214 1473 3280 qaam

193 3295 296 3364 citam
305 3300 460 3368 miseram
475 3314 575 3391 atque
585 3300 792 3368 inbonestom
804 3320 916 3390 -per
928 3298 1066 3366 dedecus
1077 3300 1246 3383 amittere,·
1255 3303 1325 3387 lug.
1340 3301 1396 3377 31,
1410 3302 1469 3379 88,

194 3403 298 3472 multo
310 3420 451 3495 praestat
466 3407 597 3498 benifioi
610 3429 711 3495 qaam
726 3406 865 3497 malifiei
879 3407 1093 3474 inmemorem
1105 3428 1183 3473 esse.

238 3514 342 3580 Haud
358 3515 463 3583 mallo
487 3536 578 3581 secors
599 3536 700 3602 qaam
725 3514 796 3600 (pro
816 3519 881 3600 ac),
906 3516 985 3580 Hist.
1010 3536 1058 3589 111,
1079 3517 1135 3595 77,
1158 3517 1189 3594 1,
1211 3512 1330 3603 quibus
1344 3526 1473 3603 preater

195 3619 333 3706 speciem
350 3621 432 3689 bello
442 3621 661 3689 necessariam
672 3620 767 3687 baad
775 3621 879 3688 multo
889 3643 981 3688 secas
991 3642 1093 3709 qaam
1102 3622 1194 3710 serra
1204 3619 1314 3687 noceri
1320 3633 1469 3710 poterat.

195 3761 240 3775 -
258 3727 413 3796 Similiter
426 3729 523 3795 aliter
537 3750 651 3817 priam,
671 3728 701 3793 ia
720 3730 873 3816 negativis
890 3740 945 3794 aut
959 3729 1146 3794 dubitativis
1161 3729 1338 3795 enunciatis
1355 3751 1362 3792 :
1385 3729 1469 3795 Hist.

196 3854 219 3906 ι,
237 3835 291 3915 15,
310 3837 341 3916 1,
357 3857 461 3923 nepae
476 3834 625 3903 se'aliter
640 3846 748 3902 tatum
757 3847 858 3924 patet
872 3857 973 3923 qaam
987 3835 1017 3926 si
1027 3837 1125 3924 pejor
1139 3848 1238 3924 atque
1252 3833 1473 3902 intestabilior

196 3953 285 4006 meta
299 3954 407 4009 vostro
424 3943 546 4032 [nerim
568 3966 615 4023 ιιι,
636 3945 691 4020 88,
713 3944 746 4020 8,
767 3942 833 4008 nisi
843 3943 934 4031 sorte
951 3943 991 4010 G.
1015 3944 1124 4022 Cotta,
1141 3963 1181 4008 ea
1192 3941 1341 4032 factione
1359 3940 1474 4008 media

196 4048 321 4128 consid,
332 4049 540 4139 aliterpaam
550 4051 729 4139 metajnra
741 4049 892 4138 quaedam
906 4049 1047 4116 tribunis
1052 4048 1164 4138 plebei
1172 4049 1325 4115 restitnit.
1338 4085 1383 4098 -
1393 4050 1474 4117 Item

197 4154 283 4222 alias
302 4179 416 4244 qaam,
434 4159 489 4226 sed
509 4178 674 4244 nunquam
693 4158 882 4223 affirmativo
898 4158 1078 4232 enunciata,
1094 4156 1179 4242 quod
1195 4157 1322 4243 quidem
1341 4157 1473 4223 rarissi-
1535 4221 1539 4226 .

197 4282 282 4329 mum
303 4278 364 4343 est;
387 4265 565 4332 dubitativo
585 4266 767 4344 enunciata,
787 4265 858 4350 lug.
880 4265 935 4343 88,
954 4266 986 4342 3,
1004 4285 1110 4352 nepae
1123 4275 1191 4330 tam
1206 4262 1306 4330 ariaie
1321 4263 1475 4331 latarum

195 4369 312 4458 faisse,
328 4371 358 4438 si
371 4370 529 4462 adempto
539 4370 713 4460 provincia
728 4370 790 4436 olii
803 4391 905 4459 priam
924 4369 1034 4437 Mario
1053 4369 1254 4448 traderetar;
1274 4370 1326 4457 (cf.
1344 4372 1399 4450 81,
1418 4373 1472 4456 1);

199 4478 423 4566 interrogativo
439 4481 519 4545 Hist.
537 4501 561 4557 1,
579 4480 633 4557 15,
650 4479 682 4557 1,
699 4500 778 4544 nom
795 4476 878 4566 qaid
890 4500 911 4543 a
925 4476 1068 4567 Pprrbo,
1083 4476 1286 4559 Hannibale,
1303 4475 1474 4565 Pbilippo·

198 4605 261 4672 qne
270 4586 472 4654 etAntiocbo
483 4585 655 4676 defensam
666 4597 714 4651 est
722 4583 819 4652 alind
827 4605 927 4673 qaam
937 4584 1139 4652 libertas‘lcl.
1156 4584 1233 4651 ibid.
1250 4586 1302 4650 15.
1316 4587 1475 4653 —Paulo

199 4692 386 4762 insolentius
401 4706 515 4761 eontra
531 4716 582 4771 ac,
599 4694 668 4761 Cat.
691 4695 746 4772 60,
768 4694 801 4774 5,
816 4705 930 4759 contra
944 4682 983 4759 oe
995 4704 1088 4765 ratas
1106 4704 1189 4759 erat.
