3314 5526
658 389 852 446 -rn-
944 368 945 372 '

164 552 256 638 Apud
276 561 420 618 auctores
439 570 513 617 cero
530 570 635 616 aureae
655 552 770 630 aetatis,
791 551 935 635 exempla
950 549 1048 614 solius
1063 548 1193 613 ablativi
1209 559 1239 613 et
1255 547 1387 613 ablativi

118 681 189 726 curn
206 659 429 745 praepositione
445 657 479 722 in
496 658 615 743 pariter
633 658 850 726 inveniuntur.

163 769 196 832 5⁰
220 767 387 832 Abiativus
402 766 498 831 etiarn
520 766 682 830 invenitur
697 766 746 831 his
770 766 874 831 verbis
898 762 994 844 acela,
1019 774 1118 842 terro,
1141 761 1232 828 mari
1252 765 1390 848 (semper

121 875 184 939 t'ere
202 873 424 959 conjunctione
433 871 578 959 junctis),
600 892 671 957 quae
687 871 773 957 apud
787 871 971 939 Ciceronem
992 871 1096 957 ipsum
1111 871 1207 937 semei
1228 879 1387 955 separata,

122 993 284 1066 poetarum
308 979 534 1045 imitandorum
553 977 669 1064 gratia,
691 989 726 1044 ut
750 979 817 1063 ipsc
837 979 893 1056 ait,
919 978 1036 1062 saepius
1055 997 1129 1043 vero
1154 977 1320 1061 conjuncta
1340 997 1389 1042 oc·

119 1098 269 1150 eurront:
292 1087 359 1151 Cat.
388 1086 442 1164 13,
472 1085 503 1160 3,
531 1096 618 1151 terra
639 1083 791 1171 marique
818 1083 930 1150 omnia
956 1083 1146 1172 empiricam
1172 1085 1227 1163 53,
1246 1082 1393 1163 2‚.mari

119 1205 217 1280 atque
245 1204 351 1270 terrn3
379 1194 450 1276 Jug.
483 1193 536 1268 17,
565 1193 598 1271 5,
623 1190 705 1257 coelo
725 1203 877 1279 terraque
901 1190 1044 1280 penuria
1063 1212 1247 1279 aquaram
1269 1201 1301 1256 et
1320 1193 1389 1262 sine

117 1300 280 1383 junctura,
306 1300 386 1364 Hist.
405 1318 448 1376 11,
476 1300 529 1377 ts,
554 1299 607 1377 13,
630 1295 724 1388 apud
746 1296 954 1364 Calchedona
974 1309 1062 1364 terra
1083 1296 1172 1384 sordi,
1201 1298 1290 1364 mari
1312 1297 1392 1362 eniri
1481 1375 1484 1379 ,

119 1404 220 1470 classe
229 1403 472 1494 pnlcderrima.
494 1406 613 1471 Contra
626 1406 697 1490 ing.
716 1406 770 1482 79,
788 1406 822 1484 6,
835 1416 976 1471 ceterum
989 1403 1070 1471 solet
1083 1404 1118 1470 in
1132 1402 1198 1470 illis
1209 1403 1287 1471 locis
1307 1415 1388 1470 tent·

115 1522 224 1599 pestas
236 1509 331 1577 leand
340 1532 430 1578 secns
438 1523 538 1599 atquc
547 1510 583 1577 in
592 1511 682 1577 mari
689 1512 840 1591 retinere,
851 1513 904 1577 ubi
921 1511 955 1577 in
969 1510 1060 1577 mari
1075 1531 1130 1596 per
1143 1512 1389 1577 concinnitatem

122 1619 258 1703 positum
273 1617 406 1684 videtur.

162 1727 196 1792 5ο
224 1725 392 1791 Abiativus
418 1725 475 1791 ioci
493 1716 561 1791 sine
577 1725 799 1811 praepositione
814 1724 848 1789 in
862 1725 1005 1791 adhiberi
1029 1734 1130 1811 potest
1152 1725 1238 1811 apud
1253 1726 1389 1811 optimos

119 1834 299 1918 scriptores,
317 1833 342 1896 si
359 1852 430 1897 cum
448 1831 610 1918 adjectivis
625 1843 723 1911 totns,
737 1831 920 1910 arcioersns,
937 1831 1055 1911 amnis,
1072 1829 1200 1897 medias
1210 1832 1388 1918 jungatur;

120 1941 236 2024 saepius
258 1949 364 2005 tamen
383 1939 565 2024 praepositio
584 1949 770 2025 usurpatur.

163 2047 244 2113 Cum
260 2046 332 2113 aiiis
348 2045 512 2132 adjectivis
531 2048 608 2111 satis
624 2067 696 2112 rara
715 2056 763 2112 est
783 2045 1016 2131 praepositionis
1030 2046 1172 2126 omissio,
1190 2046 1389 2132 frequentior

121 2164 227 2219 tamen
240 2152 457 2239 apudLivium
468 2152 688 2236 etposterioris
703 2154 804 2217 aetatis
817 2152 997 2238 scriptores.
1007 2153 1078 2218 Haeo
1088 2153 1234 2218 Saliustii
1251 2153 1390 2219 notanda
1406 2218 1409 2223 ⁴

120 2260 154 2325 in
171 2259 283 2344 primis
296 2258 445 2325 videntur
463 2282 470 2322 :
487 2260 559 2344 Jug.
578 2260 633 2337 79,
654 2260 687 2336 2,
700 2256 860 2346 pleraque
874 2257 993 2347 Africa
1006 2257 1255 2347 imperitabant,
1273 2270 1303 2324 et
1322 2261 1390 2324 sinc

121 2366 272 2432 attributo
289 2365 389 2451 (quod
408 2365 608 2431 rarissimum
627 2375 674 2430 est
688 2365 832 2431 Sallustii
848 2374 951 2445 aetate,
971 2366 1055 2450 apud
1077 2366 1200 2432 Livium
1217 2387 1290 2432 vero
1310 2387 1389 2452 prae·

121 2474 292 2558 sertimque
307 2472 451 2539 Tacitum
465 2472 770 2557 frequentissimum)
782 2494 788 2536 :
801 2471 880 2538 Hist.
900 2493 946 2550 ur,
961 2473 1004 2539 91
1012 2472 1083 2561 fine
1096 2471 1273 2559 inquinem
1286 2471 1391 2560 inpre-

120 2577 257 2645 dinntar
272 2600 376 2657 mare,
391 2578 422 2644 id
437 2589 483 2644 est
493 2576 685 2665 inpoinibns
699 2590 792 2644 tenus
804 2577 950 2644 immersi
959 2603 968 2656 ;
983 2579 1036 2664 (ci.
1050 2580 1127 2645 Gaes.
1146 2579 1229 2657 hott„
1239 2581 1316 2665 guli.
1334 2601 1388 2659 vu,

122 2688 177 2765 17,
189 2688 221 2766 5,
230 2685 371 2773 pectoris
381 2687 450 2773 fine
459 2685 696 2774 prominentes,
714 2685 767 2752 nbi
783 2685 962 2772 Nipperdey
979 2687 1047 2752 sine
1064 2687 1248 2752 necessitate
1259 2698 1391 2773 pectore

121 2791 210 2859 nudo
226 2793 372 2871 correxit,
389 2802 420 2858 et
435 2794 501 2858 Liv.
520 2813 595 2872 xxx,
614 2794 645 2867 1,
665 2793 718 2871 10,
735 2795 773 2858 Ρ.
790 2791 940 2880 Scipioni
952 2813 1019 2858 nort
1034 2792 1200 2882 temporis,
1211 2790 1270 2859 sed
1280 2792 1330 2859 rei
1339 2793 1389 2880 se·

121 2897 231 2967 rendae
242 2899 322 2988 fine,
344 2896 444 2965 dorice
463 2897 662 2965 debellatam
681 2899 717 2965 in
733 2900 755 2965 Α
759 2898 849 2987 frica
860 2899 961 2987 foret,
974 2913 1193 2987 prorepatam
1212 2899 1392 2990 imperinm

122 3009 199 3092 est);
216 3008 295 3072 Hist.
315 3027 348 3086 u,
368 3006 443 3085 tua,
465 3003 532 3071 diei
544 3003 670 3085 medi03
688 3007 741 3087 (ci.
762 3008 833 3091 ing.
857 3005 911 3085 31,
928 3008 960 3084 1,
972 3004 1007 3070 in
1015 3007 1182 3094 praerupti
1199 3007 1319 3072 montis
1333 3029 1391 3072 ec-

123 3117 256 3196 tremo);
272 3115 342 3197 Jug.
362 3115 416 3192 17,
434 3112 466 3191 3,
484 3110 623 3199 aliisque
637 3110 811 3199 peceribus
824 3111 982 3177 arborum
997 3132 1069 3199 qnae
1081 3112 1177 3179 dormi
1189 3111 1283 3179 arida
1294 3125 1393 3201 atque

122 3219 284 3285 harenoso
299 3219 493 3306 pipnantnr.

42 3408 48 3420 α
169 3326 293 3392 Castris
308 3327 377 3392 sine
393 3325 617 3410 ptraepositione
633 3325 757 3392 duobus
777 3326 854 3391 iocis
870 3325 1019 3403 occurrit,
1040 3325 1121 3391 Hist.
1143 3347 1189 3406 in,
1214 3327 1245 3405 1,
1268 3328 1301 3406 5,
1322 3325 1393 3392 die·

123 3452 274 3519 memque
290 3431 406 3498 castris
421 3468 462 3481 ·-
478 3431 547 3520 cpi3
570 3433 909 3519 cumattrihuto,1ug.
929 3435 983 3512 11,
1005 3435 1039 3513 1,
1053 3431 1254 3523 pleramque
1274 3432 1394 3499 milites

122 3537 249 3605 stativis
264 3538 378 3620 castris
392 3536 552 3619 debebam
573 3560 708 3625 quorum
729 3541 897 3606 verborum
920 3540 1009 3606 atiud
1032 3542 1210 3626 exemplam
1234 3561 1295 3606 uon
1321 3542 1393 3607 novi

124 3647 209 3730 apud
228 3657 347 3712 ceteros
366 3647 549 3731 scriptores,
569 3648 625 3732 qui
642 3658 761 3727 tenere,
776 3647 952 3728 continere,
971 3668 1007 3712 se
1026 3658 1145 3728 tenere,
1163 3647 1392 3727 sasantinae,

129 3755 206 3838 (non
222 3763 327 3818 autem
354 3773 462 3840 apere,
484 3751 629 3837 habere),
642 3773 713 3820 cum
730 3754 867 3820 ablativo
883 3755 1090 3820 vocis'castra
1106 3763 1162 3819 aut
1180 3753 1215 3819 in
1231 3755 1391 3840 praeposit.

126 3861 248 3946 pariter
259 3860 409 3946 jungunt.

169 3968 202 4031 7⁰
219 3965 405 4033 Adriaticum
422 3967 481 4033 loci
497 3968 552 4052 qui
570 3957 728 4049 interdum
742 3987 816 4034 cum
835 3968 938 4034 verbis
952 3967 1110 4056 accipere,
1132 3967 1286 4054 recipere,
1308 3966 1394 4033 enei·

122 4093 201 4161 pere
216 4073 302 4158 apud
313 4074 470 4141 Caesarem
482 4085 513 4143 et
527 4075 711 4141 Ciceronem
726 4075 1025 4168 occurrit‚menime
1039 4075 1064 4141 si
1081 4074 1268 4154 modumve!
1282 4074 1398 4139 instru-

124 4181 266 4246 mentum
287 4181 441 4266 designet,
460 4181 545 4267 apud
569 4182 758 4248 Sallustium
779 4183 874 4248 semei
896 4189 1024 4248 tantum
1044 4182 1165 4261 iuveni,
1190 4183 1261 4266 Jug.
1283 4181 1339 4262 28,
1362 4183 1395 4261 2,

123 4280 311 4375 placeretne
325 4285 449 4375 lepatos
463 4287 636 4375 laquiricio
650 4288 753 4376 recepi
765 4287 938 4354 manibus.

167 4395 204 4458 B.
229 4429 272 4443 -
297 4395 467 4461 Annianus
490 4416 649 4461 renconis.
670 4431 715 4444 -
735 4395 964 4480 i⁰Praepositio
978 4395 1013 4460 in
1026 4395 1165 4480 ablativo
1181 4395 1331 4480 temporis
1346 4393 1397 4459 ad-

124 4499 284 4585 jungitur,
302 4501 355 4568 ubi
372 4521 435 4568 uon
452 4497 582 4587 tempus
605 4503 721 4587 ipsum,
743 4502 1005 4586 cedrorumque
1024 4522 1060 4567 eo
1077 4512 1216 4589 tempore
1237 4501 1319 4567 fiunt
1333 4513 1397 4566 sta-

126 4617 176 4672 tus
189 4608 238 4672 vei
253 4607 393 4673 conditio
409 4609 598 4694 exprimitur
612 4608 790 4694 (liminius),
808 4619 844 4674 ut
858 4610 926 4675 Cat.
941 4609 994 4688 18,
1006 4610 1038 4688 5,
1055 4620 1165 4675 tamen
1182 4608 1262 4695 qnia
1277 4608 1311 4673 in
1322 4606 1395 4683 tali,

129 4724 275 4802 tempore
297 4725 392 4779 tanta
415 4715 463 4780 cis
486 4713 628 4781 dominis
650 4713 758 4802 mapis
779 4713 937 4780 icriirrnda
961 4737 1060 4802 qtram
1087 4713 1288 4804 crepitando
1307 4713 1395 4779 oide-
