3314 5526
733 387 927 443 —ldin

187 534 307 598 militer
322 532 400 598 Sall.
419 532 489 597 Cat.
508 532 563 611 55,
581 531 612 608 3,
628 528 716 594 locus
730 529 913 596 -circiter
925 527 1095 595 duodecim
1106 529 1316 621 pedcslrumi
1328 529 1467 618 depres-

184 661 257 718 srcs3
275 653 307 704 at
318 658 406 703 more
420 638 512 702 solito
527 638 598 722 ing.
620 635 675 714 85,
694 634 856 712 33,Ιιιιιιι1
867 635 1077 723 requiescere.

231 744 315 810 Belli
335 745 501 822 locamus,
517 744 572 828 qui
591 744 752 809 rarissime
767 746 854 809 solus
872 744 1045 817 invenitur,
1064 743 1116 826 (cl.
1135 754 1239 809 tamen
1257 745 1412 811 Plautum
1432 756 1466 813 et

186 853 251 919 Cic.
269 852 308 917 de
327 853 404 937 Rep.
428 873 462 930 ιι,
485 850 539 929 32,
566 850 621 929 56,
648 851 702 916 ubl
728 851 876 917 nonnulli
906 850 1082 936 genitivum
1100 850 1234 934 vident),
1261 851 1359 935 apud,
1374 836 1458 919 Sall.

185 979 308 1044 sempev
328 956 420 1023 domi
435 959 500 1023 voci
522 957 703 1043 oppositum
726 957 907 1023 invenitur:
928 959 1000 1043 Jug.
1021 958 1076 1033 63,
1098 958 1131 1036 2,
1157 956 1289 1022 unimus
1314 954 1394 1023 belli
1413 958 1462 1024 iri·

184 1088 274 1152 percep
291 1063 383 1131 domi
399 1063 569 1143 modicus3
590 1085 662 1131 cum
676 1064 912 1150 conjunctione,
928 1067 999 1151 Jug.
1023 1067 1077 1138 41,
1101 1065 1119 1129 7
1142 1064 1342 1152 (poemorum
1365 1054 1461 1131 orbi-

186 1172 248 1238 trio
261 1170 338 1238 belli
351 1169 506 1258 domique
521 1169 780 1258 cpitubatur)‚et
791 1171 872 1238 Hist.
890 1193 927 1244 ιι,
939 1172 994 1248 51),
1005 1172 1037 1237 6.
1050 1174 1090 1237 alt
1101 1173 1180 1237 illst.
1198 1193 1235 1250 ιι,
1248 1173 1301 1244 18,
1315 1171 1374 1237 sed
1380 1172 1461 1262 ipsae

185 1279 261 1345 belli
275 1272 540 1367 promptissimos
564 1275 767 1364 detepebunt,
785 1279 840 1343 alii
866 1279 1050 1356 locabvnm,
1068 1277 1121 1342 alii
1144 1266 1318 1363 genitivum
1334 1277 1459 1356 vident,

186 1396 221 1452 ut
240 1386 380 1452 Kritzius
392 1385 446 1470 qni
464 1386 668 1469 conlevliug.
685 1384 740 1463 84,
758 1386 791 1462 2,
804 1384 980 1472 plerosque
997 1385 1133 1464 militia,
1146 1405 1273 1472 paitcos
1284 1385 1384 1472 foma
1401 1407 1460 1462 eo-

183 1491 292 1579 puitos
306 1490 424 1571 occire,
442 1492 536 1574 (laiso
555 1491 716 1576 equidem,
733 1491 881 1557 namhoc
901 1495 966 1557 loco
990 1491 1118 1558 militia>
1142 1493 1295 1557 locativus
1316 1502 1376 1569 est,
1393 1511 1458 1557 non

184 1601 373 1685 genitivum:
390 1607 530 1665 ceterum
545 1598 711 1664 admittere
723 1598 852 1664 dillicile
868 1612 914 1665 est
922 1610 1102 1688 promptus
1113 1599 1304 1685 adjectivum
1317 1618 1389 1664 cum
1409 1619 1459 1682 ge·

186 1707 286 1771 nitiva
298 1705 402 1791 jungi,
424 1725 496 1771 enm
513 1706 625 1772 ceteris
639 1706 787 1771 omnibus
805 1705 881 1771 locis
897 1706 1069 1771 Sallustius
1085 1704 1260 1770 ablativum
1277 1706 1458 1791 usurpavit,

99 1820 102 1826 “
185 1813 312 1899 duoque
333 1822 458 1878 tantum
481 1812 613 1899 genitivi
643 1814 789 1897 exempla
809 1813 985 1879 alienantur
1011 1834 1028 1877 a
1058 1813 1232 1897 lenicorum
1258 1812 1456 1891 auctoribus,

185 1939 321 2006 quorum
337 1940 421 1986 unus
435 1920 534 1985 Taciti
555 1919 648 2001 (Hisl.
666 1941 700 1997 ιι,
724 1920 766 1985 23
785 1931 1016 2008 —prouvptus
1028 1918 1159 2004 enimi),
1178 1921 1259 1985 alter
1272 1919 1367 1985 Gellii
1384 1939 1459 1984 cum

188 2027 384 2112 superlativo
411 2027 464 2107 (Χ,
504 2026 560 2104 22,
586 2025 681 2092 Pluto
705 2025 853 2091 ueritatis
881 2024 1099 2091 amicissimus
1127 2024 1264 2113 ejusque
1304 2024 1459 2092 omnibus

185 2130 376 2198 cohibenda
395 2131 674 2221 promptissimus)
701 2133 857 2199 rationem
887 2133 986 2199 aliam
1013 2134 1191 2218 patiuntur.
1227 2133 1309 2198 Nam
1334 2131 1454 2210 animi,

188 2241 296 2326 (quem
317 2241 464 2305 nonnulli
490 2242 572 2306 inter
594 2241 795 2312 recentiores,
812 2241 906 2326 hujus
926 2260 1017 2306 casus
1044 2240 1139 2305 nimis
1159 2239 1306 2320 studiosi,
1332 2240 1358 2304 si
1384 2260 1456 2307 cum

187 2347 348 2432 adjectivis
367 2348 414 2412 vel
430 2348 535 2412 verbis
543 2346 709 2433 jungatur,
724 2347 893 2413 locativum
905 2367 971 2412 esse
986 2347 1234 2431 existimarunt),
1248 2367 1305 2432 pro
1317 2347 1458 2431 genitivo

184 2453 348 2519 relationis
368 2454 533 2520 habendus
547 2464 612 2535 est;
633 2462 665 2520 et
679 2454 711 2519 in
727 2454 822 2520 Gellii
852 2455 995 2540 exemplo
1010 2474 1064 2540 per
1080 2454 1326 2520 concinnitatem
1340 2453 1454 2540 geniti-

183 2581 240 2626 vus
255 2559 369 2626 adduci
389 2563 504 2646 potuit.

227 2667 318 2746 Quod
334 2667 372 2732 ad
394 2687 499 2733 vocem
516 2665 643 2733 militiae
658 2667 807 2755 pertinet,
822 2667 998 2733 notandum
1011 2677 1058 2734 est
1073 2688 1153 2745 eam,
1171 2667 1225 2733 nbi
1247 2687 1304 2752 pro
1320 2668 1457 2733 locativo

182 2774 236 2853 sit,
256 2793 381 2860 semper
406 2774 492 2859 apud
510 2776 673 2852 Nostrum,
695 2785 730 2840 nt
750 2776 841 2855 solet,
867 2776 1007 2860 (excepto
1027 2786 1132 2840 tamen
1151 2777 1222 2860 lug.
1240 2774 1297 2865 84,
1316 2777 1364 2858 Ξ),
1385 2795 1457 2841 eum

182 2901 256 2946 voce
270 2878 362 2946 domi
381 2881 492 2967 jungi:
515 2879 607 2946 domi
627 2879 819 2968 militiaeque
847 2882 928 2964 (Cat.
952 2883 984 2959 5,
1001 2882 1039 2960 9;
1057 2884 1090 2956 6,
1108 2883 1145 2960 5;
1163 2882 1195 2955 a,
1215 2883 1251 2960 l:
1269 2883 1324 2959 29,
1343 2882 1382 2962 33
1400 2883 1456 2959 53,

182 2989 221 3068 23
238 2990 309 3074 Jug.
329 2990 381 3066 14,
405 2988 441 3066 1;
459 2989 513 3068 31,
531 2990 689 3067 uestitu.
707 3011 742 3065 ιι,
764 2990 817 3065 50,
838 2991 887 3071 1),
908 2987 1035 3054 militiae
1050 3000 1081 3053 et
1096 2986 1278 3054 domiHist.
1297 3011 1319 3066 ι,
1344 2989 1374 3053 1.

226 3097 260 3161 ln
274 3097 346 3182 Jug.
365 3096 419 3176 33,
438 3097 470 3174 4,
487 3098 599 3162 Rome
616 3093 847 3183 Numidiaeque
862 3095 1017 3183 facinore
1031 3094 1104 3183 ejus
1128 3107 1302 3175 memoret,
1319 3096 1456 3162 multum

183 3203 266 3270 inter
287 3222 319 3268 se
343 3203 534 3290 discrepant
549 3205 758 3290 interpretum
780 3204 1018 3289 explicationes.
1046 3203 1188 3268 Guardia
1209 3213 1241 3268 et
1262 3204 1456 3290 Wierzeyski

182 3312 249 3391 (Gr.
266 3311 353 3397 lat),
365 3311 560 3395 Draegevum
572 3311 896 3396 prolectosequenles‚
909 3307 1076 3377 Numidiae
1087 3311 1126 3375 ad
1131 3309 1288 3397 facinore
1296 3311 1454 3390 referunt3

181 3419 283 3481 multo
301 3417 416 3482 rectius
431 3418 571 3482 Kritzius
587 3427 618 3481 et
631 3417 795 3482 Jacobsius
815 3438 869 3501 per
884 3416 1129 3481 concinnitatem
1153 3416 1296 3504 pervideo
1317 3414 1382 3481 loci
1405 3437 1456 3482 no·

181 3544 252 3589 men
265 3525 401 3611 regionis
412 3534 482 3608 post
493 3543 608 3589 nomen
621 3523 853 3610 urbis(llomae)
863 3524 998 3608 positum
1007 3523 1103 3588 luisse
1115 3535 1245 3609 putanl3
1259 3525 1298 3588 cl.
1310 3526 1337 3588 J.
1352 3525 1409 3601 28,
1421 3526 1454 3600 6,

179 3618 238 3694 ied
254 3628 397 3717 lepioues
405 3651 472 3719 per
482 3629 619 3695 Italiam
632 3630 772 3718 Repium
783 3643 882 3717 utque
898 3627 974 3695 iude
988 3628 1151 3709 Siciliane,
1161 3652 1268 3719 porro
1284 3652 1324 3695 ec
1339 3629 1456 3697 Sicilia

181 3735 216 3800 iri
230 3735 382 3825 Africum
398 3749 560 3803 transuect
591 3787 598 3802 .

121 3877 128 3885 v
224 3844 385 3911 Adverbia
397 3845 429 3909 in
441 3844 673 3911 imdesinentia
687 3846 864 3930 Draegerus
876 3844 968 3926 (Hist.
984 3845 1070 3929 Synt.
1091 3863 1121 3929 p.
1144 3845 1234 3928 531),
1252 3845 1457 3912 Corssenium

180 3971 329 4036 sequena,
347 3950 555 4017 locativorum
574 3951 729 4038 reliquias
747 3961 936 4043 esseputat,
954 3951 1071 4037 quibus
1090 3972 1123 4015 m
1148 3952 1254 4017 littera
1271 3953 1300 4016 in
1318 3951 1380 4018 line
1400 3952 1455 4018 ad-

180 4057 289 4139 juncta
309 4057 417 4122 luerit.

792 4217 855 4283 vt·

719 4361 758 4414 De
778 4358 916 4429 genitivo.

224 4484 261 4548 Α.
286 4521 331 4533 -
354 4484 520 4551 Gauvvivus
545 4506 722 4551 vlnvuvvus
745 4486 794 4550 vel
818 4504 1030 4559 pennatulus,
1053 4487 1173 4550 -Hie
1196 4484 1354 4570 genitivus
1381 4505 1454 4552 cum

161 4613 163 4616 ’
181 4591 386 4656 substantivis
402 4601 458 4658 aut
473 4593 636 4678 adjectivis
650 4592 846 4672 nominibus,
866 4606 922 4657 aut
940 4593 1036 4658 etiam
1054 4612 1126 4659 cum
1145 4592 1388 4678 pronominibus
1402 4593 1453 4658 ad-

181 4697 360 4783 verbiisque
373 4697 463 4784 jungi
480 4709 592 4785 potest.
