3314 5526
760 422 936 481 ..78-

210 571 295 629 recta
309 567 500 635 constructio
516 567 582 635 baec
596 578 677 636 esset
695 592 702 635 :
718 590 827 635 aaa...
844 565 1001 634 relicta...
1024 564 1083 633 sed
1102 588 1123 632 a
1141 587 1193 633 me
1207 566 1357 657 quaesita,
1374 569 1488 656 sicque

208 666 272 736 duo
289 672 459 760 partieipia
475 677 593 762 puriter
607 676 646 742 ad
659 677 721 744 dua
739 676 881 743 feminini
899 675 1231 762 generissubstantiva
1243 675 1444 762 pertinerent
1459 678 1483 743 ¹.

251 777 323 863 Jug.
341 779 397 859 85,
419 781 461 849 t8
492 783 710 872 Etprosecta,
732 780 1005 870 abjurantibus,
1027 783 1135 847 omnia
1154 793 1289 847 matura
1307 793 1396 862 caat,
1418 781 1486 849 uic·

207 883 305 967 toria,
316 884 450 977 prada,
466 886 540 955 lanc
554 912 564 975 ¹:
583 888 696 977 quaesi
713 887 815 955 dabra
831 901 892 954 aar
901 887 1024 978 procul
1038 898 1152 968 essent,
1174 898 1286 954 tamea
1301 887 1410 954 omnis
1425 887 1484 955 bo-

205 1008 265 1055 nas
277 990 479 1083 reipublicae
498 993 670 1062 srrbueaire
688 994 831 1062 decebat.
852 996 912 1076 Qui
929 996 1016 1062 locus
1031 995 1164 1061 dubium
1178 1005 1224 1060 est
1238 1015 1315 1061 num
1331 1005 1415 1062 reete
1430 996 1483 1063 hie

209 1108 362 1181 pacatum
386 1121 461 1167 nam
481 1103 651 1169 relativum
670 1092 744 1191 qaas
759 1102 799 1168 ad
816 1103 1006 1169 'antecedens
1026 1100 1139 1167 amaia
1153 1122 1243 1188 aequc
1261 1102 1369 1168 referri
1388 1123 1482 1188 posse

206 1202 329 1272 ridetur
344 1217 438 1295 atque
455 1209 495 1275 ad
510 1209 664 1275 feminina
677 1210 876 1275 substantiva
895 1229 967 1296 quae
983 1208 1126 1295 proxime
1147 1209 1342 1295 praecedunt.
1380 1272 1398 1299 ,

248 1309 371 1391 Quibus
386 1315 533 1382 omnibus
548 1317 701 1402 exemplis
715 1317 780 1383 loce
794 1316 912 1382 clarius
925 1325 1056 1402 apparet
1070 1334 1244 1401 pronomen
1260 1313 1344 1401 quod
1359 1315 1399 1381 ad
1415 1315 1481 1383 duo

203 1416 252 1485 vel
269 1420 364 1505 plura
383 1422 527 1488 feminini
544 1423 668 1509 generis
683 1423 882 1489 substantiva
901 1423 1058 1488 reseratur
1077 1432 1190 1488 neutro
1211 1423 1331 1507 plurali
1352 1443 1480 1509 semper

204 1523 389 1595 aSallustio
406 1529 492 1615 poni.
855 1618 857 1623 Α
1147 1517 1149 1521 ‚

248 1630 278 1699 b.
295 1634 473 1703 Pronomen
490 1636 530 1703 ad
554 1637 617 1703 duo
633 1647 688 1702 aut
715 1638 810 1722 plura
825 1636 939 1702 diversi
969 1636 1092 1722 generis
1116 1636 1315 1711 substantiva
1340 1636 1479 1703 refertur
1531 1634 1533 1639 ’

202 1740 271 1807 Cat.
292 1742 348 1821 36,
370 1746 402 1822 l,
420 1741 476 1809 cai
493 1765 567 1809 cam
588 1743 634 1809 ad
653 1765 804 1810 oceasum
828 1741 870 1808 ab
890 1754 965 1808 arta
992 1741 1070 1808 salis
1089 1741 1201 1808 amaia
1223 1739 1349 1807 domita
1373 1743 1478 1809 armis

198 1859 368 1935 parerent,
385 1848 478 1916 domi
495 1849 599 1917 atium
612 1861 711 1938 atque
730 1848 863 1931 divitia,
881 1870 953 1937 quae
975 1851 1076 1936 prima
1095 1847 1250 1916 mortales
1260 1860 1397 1937 patant,
1419 1848 1477 1916 ad·

198 1950 353 2041 fluerent.
423 1989 426 1995 -
761 1966 764 1971 “
1175 2026 1180 2035 ,

245 2061 279 2128 3⁰
297 2063 336 2129 Et
351 2063 401 2131 bic
421 2064 551 2151 quidem
571 2067 658 2131 locus
673 2064 797 2130 nullam
819 2083 921 2150 perse
936 2063 1155 2129 difficultatem
1171 2063 1272 2143 allent,
1291 2082 1364 2128 cum
1379 2082 1475 2150 regu·
1507 2060 1518 2079 ⁶

136 2172 141 2183 ‘
201 2167 265 2233 lam
280 2168 370 2235 illam
383 2171 433 2237 hie
444 2171 587 2238 adhiberi
605 2171 808 2257 perspicuum
822 2171 875 2250 sit,
889 2191 954 2256 qua
968 2170 1150 2247 relativum,
1162 2169 1247 2256 quud
1263 2168 1302 2235 ad
1319 2170 1415 2256 plura
1430 2170 1475 2236 di·

198 2277 280 2343 rersi
297 2279 422 2364 generis
437 2280 636 2345 substantiva
650 2272 799 2357 refertur,⁵
816 2279 933 2364 plurali
950 2277 1095 2344 neutrius
1116 2280 1240 2363 generis
1261 2296 1393 2343 numero
1416 2298 1475 2363 po-

198 2383 298 2450 nitur.
315 2386 353 2451 nt
367 2405 428 2452 non
443 2387 573 2452 omnino
593 2386 709 2452 similis
730 2388 816 2452 locus
840 2396 887 2451 est
910 2387 981 2472 lug.
1014 2386 1068 2459 blq
1092 2386 1106 2449 l
1131 2395 1272 2450 ceteram
1300 2404 1371 2450 mus
1387 2405 1473 2472 par·

199 2487 281 2556 tiam
305 2502 336 2556 et
354 2491 583 2579 factionum...
606 2494 718 2559 Romae
742 2503 833 2557 artare
852 2502 898 2557 est
922 2491 987 2557 atio
1010 2502 1109 2579 atque
1125 2488 1334 2556 abundantia
1359 2511 1472 2558 earum

197 2615 317 2677 rerum,
343 2620 414 2686 quae
448 2600 551 2685 prima
578 2597 734 2665 mortales
766 2596 880 2664 dr'eaat
912 2598 981 2683 (alii
1008 2621 1014 2662 :
1047 2595 1197 2682 deceant).
1370 2589 1373 2595 ’

240 2704 296 2770 Hic
315 2707 452 2772 Fabrius
464 2706 682 2772 attractionem
698 2705 796 2784 videt,
814 2718 844 2771 et
859 2705 899 2771 ad
915 2704 1029 2793 prima
1044 2725 1164 2782 vocem,
1190 2703 1258 2769 vice
1277 2704 1470 2771 substantivi

194 2811 389 2898 fungentem,
415 2809 714 2880 relativum'refert.
742 2813 858 2879 Probat
875 2812 1117 2891 'Badstuebnem
1140 2821 1170 2877 et
1194 2811 1343 2877 similiter
1370 2813 1471 2898 legem

195 2921 392 2986 attractionis
412 2920 587 2986 adhibitam
602 2930 715 3000 'censet
743 2919 812 2984 Cat.
840 2919 893 2996 36,
917 2921 948 2998 b,
972 2917 1075 2983 otiam
1100 2929 1200 3005 atque
1230 2915 1366 2995 diuitiae,
1396 2939 1470 3004 quae

194 3027 298 3111 prima
316 3027 472 3093 mortales
491 3038 631 3116 pataat3
653 3029 724 3112 lug.
748 3026 802 3105 76,
820 3027 852 3105 6,
866 3046 988 3090 aarum
1003 3035 1034 3090 ct
1046 3036 1221 3111 arpentum
1243 3035 1275 3088 et
1293 3022 1374 3103 alt'a⁷
1397 3045 1470 3110 quae

194 3133 298 3218 prima
324 3131 515 3213 drrcaatar3
541 3135 612 3220 Jug.
635 3134 690 3211 84,
713 3133 745 3212 ’2,
763 3153 836 3219 quae
860 3130 943 3197 bello
968 3142 1174 3220 opacarum,
1207 3131 1312 3216 prima
1332 3129 1466 3199 babere.

139 3262 141 3267 ’
192 3239 244 3318 m,
261 3250 297 3307 ut
318 3263 415 3329 supra
438 3242 616 3320 docuimus,
639 3244 725 3306 lucus
745 3241 813 3306 Cat.
837 3240 891 3318 36,
922 3241 940 3304 l
964 3239 1033 3304 sine
1053 3238 1251 3304 attractionis
1272 3239 1393 3304 auxilio
1410 3259 1467 3305 ex-

192 3348 305 3433 plicari
321 3359 438 3434 potcst3
455 3347 541 3435 quod
557 3368 630 3418 vero
645 3347 684 3412 ad
704 3349 774 3433 lug.
798 3347 852 3426 76,
872 3347 905 3424 6,
925 3346 1049 3425 attinet,
1067 3346 1092 3411 si
1112 3366 1234 3411 summa
1252 3347 1337 3411 inter
1351 3344 1422 3410 alia
1438 3357 1469 3413 et

191 3476 264 3543 qaae
285 3456 422 3541 positum
436 3456 554 3534 deleas,
578 3455 617 3520 ad
634 3474 741 3520 vocem
757 3455 857 3520 solam
873 3452 941 3518 alr'a
956 3454 1077 3538 plurali
1096 3453 1242 3519 neutrius
1263 3453 1400 3537 positam
1424 3455 1437 3519 l
1457 3491 1467 3504 ·

190 3563 590 3650 cilereierturprunumen;
603 3562 635 3628 in
652 3562 764 3627 ultimo
776 3570 882 3627 autem
897 3562 1054 3645 exemplu,
1062 3560 1180 3650 prima
1197 3545 1467 3626 addemonstrati·

162 3707 166 3716 ·
190 3689 262 3736 vum
282 3690 455 3756 pronomen
467 3668 794 3736 aareierendumesse
808 3678 907 3754 patet,
924 3667 1008 3755 quod
1024 3667 1193 3733 subaudiri
1214 3667 1464 3735 usitatissimum

189 3776 241 3842 sit.
254 3778 385 3845 Nullum
401 3778 546 3864 igiturex
556 3776 602 3843 eis
616 3797 687 3864 quae
703 3775 875 3842 Sallustius
886 3775 1004 3861 praebet
1015 3775 1169 3859 exemplis
1181 3773 1398 3840 demonstrare
1413 3796 1466 3861 po·

188 3892 247 3949 test
256 3883 370 3972 prima
386 3896 538 3970 tanquam
553 3883 786 3949 substantivum
800 3882 842 3948 ab
857 3902 893 3948 eo
910 3880 1089 3946 adhibitum
1105 3881 1213 3946 luisse.
1232 3880 1292 3945 Nec
1310 3879 1366 3945 alii
1386 3881 1461 3966 qui·

187 3989 258 4056 dem
272 3992 440 4077 scriptores
458 3991 637 4078 exemplum
660 3991 815 4068 afferunt3
834 4008 908 4054 nam
923 3988 1008 4073 apud
1023 3988 1207 4053 Terentium
1223 3988 1408 4067 (Heautont.
1428 4009 1463 4067 v,

185 4098 218 4176 Ξ,
232 4098 279 4182 9),
296 4096 357 4164 abi
370 4109 399 4164 te
413 4096 484 4164 aidi
495 4097 606 4165 aalma
622 4118 687 4163 esse
702 4098 833 4176 omisca,
850 4106 881 4161 et
894 4093 1013 4160 atracia
1028 4093 1062 4159 c'a
1080 4093 1254 4159 urasaata
1265 4114 1338 4181 qua
1353 4107 1465 4160 escertt

180 4204 295 4293 prima
310 4204 443 4286 babere,
460 4225 564 4292 aeque
577 4203 745 4271 consulere
760 4202 793 4268 ia
807 4199 1059 4291 laapitua'r'rem,
1078 4201 1223 4287 adjectivi
1239 4201 1377 4288 prolecto
1392 4201 1464 4268 vice

184 4311 329 4400 fungitur
345 4332 403 4378 vox
413 4310 543 4402 prima.

228 4419 378 4505 Superest
400 4419 499 4506 igitur
520 4438 603 4485 unus
624 4419 710 4484 lucus
731 4418 802 4504 lug.
819 4417 877 4495 tl,
897 4418 928 4495 l,
947 4415 979 4481 in
995 4434 1058 4501 quo
1078 4413 1268 4500 explicando
1287 4414 1461 4500 paululum

214 4563 236 4609 l.
251 4559 310 4609 Non
324 4567 456 4624 repugnat
467 4559 517 4609 hoc
532 4558 675 4623 exemplum
691 4557 789 4621 regulas
802 4572 879 4622 quam
895 4570 975 4621 supra
989 4554 1127 4605 statuimus
1143 4555 1187 4619 (rr,
1205 4557 1241 4605 De
1254 4569 1356 4617 uenere,
1368 4555 1402 4618 A,
1414 4556 1464 4605 ad·

181 4637 234 4680 not.
250 4632 284 4694 2).
299 4646 346 4681 nec
364 4636 467 4695 poterat
480 4630 523 4680 hic
542 4630 712 4695 praedicatum
727 4629 853 4678 feminino
868 4642 964 4693 genere
979 4626 1053 4691 poni;
1067 4641 1127 4676 nam
1142 4633 1167 4676 et
1181 4634 1288 4690 propter
1303 4626 1461 4691 asyndeton,
1532 4670 1534 4675 .

181 4709 207 4751 et
218 4708 325 4766 propter
338 4701 521 4752 attractionem
536 4701 801 4751 demonstratirorum
812 4698 994 4764 pronominum
1010 4698 1059 4761 lta,
1073 4699 1135 4761 baee,
1152 4698 1184 4747 ab
1198 4697 1322 4761 exemplis
1336 4697 1390 4747 illic
1403 4697 1461 4750 lau-

180 4771 248 4822 datis
260 4774 309 4823 hoe
322 4772 400 4837 longe
415 4771 619 4822 dissimillimum
632 4777 681 4821 est.
