3314 5526
635 467 833 524 -23l—

96 613 169 693 tuit,
191 611 284 678 facile
313 611 345 676 in
366 630 437 703 eam
468 610 650 696 opinionem
685 610 865 689 adduceris,
888 621 922 677 ut
951 611 1043 676 uulla
1064 611 1129 676 alia
1157 610 1280 675 ratione
1298 618 1369 674 utra

96 719 211 786 locutio
232 716 397 804 probanda
425 717 466 781 sit
481 716 548 803 diju
574 717 652 783 icari
679 737 768 803 posse
787 719 959 796 existimes,
981 738 1078 805 quam
1103 718 1143 793 si,
1178 716 1295 803 quibus
1313 737 1369 800 po·

94 826 251 891 tissimum
266 825 358 890 libris
374 823 450 889 fides
466 824 613 890 habenda
626 825 679 902 sit,
697 827 896 910 exploratum
913 825 1020 891 luerit.
1040 852 1051 884 ι
1069 825 1120 890 Sic
1136 824 1366 902 Bodstuebncr‚

96 953 127 1018 p.
149 932 265 1010 79·56;
282 950 340 997 nos
353 951 427 997 vero
443 931 626 1016 opinionem
642 931 750 997 Fabrii
772 932 908 1018 amplexi
923 932 1053 999 Jordani
1066 931 1257 1017 scripturam
1273 930 1369 1018 suctu

94 1038 324 1105 admittendam
343 1059 517 1105 censemus.
1214 1037 1216 1040 ⁴

138 1147 173 1212 2⁰
192 1146 358 1212 Notatione
374 1146 470 1232 digna
485 1145 612 1212 videtur
628 1146 693 1212 hooc
708 1147 836 1226 locutio,
854 1167 925 1234 quau
940 1147 1029 1233 quasi
1047 1147 1185 1233 formula
1201 1143 1285 1230 apud
1302 1144 1369 1211 Sal-

95 1252 225 1319 lustium
244 1253 381 1319 occurrit
407 1276 414 1318 :
439 1252 507 1318 Cot.
533 1254 565 1328 6,
592 1255 625 1332 ⁶2,
649 1252 687 1319 tt
700 1265 879 1341 postquam
898 1253 932 1318 in
950 1275 1017 1319 utcu
1036 1253 1159 1318 moenio
1178 1272 1366 1328 cottoeocrc,

92 1357 223 1448 dispari
248 1380 379 1447 peracre,
405 1358 559 1425 dissimili
579 1359 707 1448 linquo,
727 1359 873 1425 oliiolio
893 1359 1154 1440 marcadantes,
1180 1358 1367 1425 incredibile

92 1461 269 1533 memoratu
296 1477 343 1532 est
365 1487 467 1554 quant
484 1465 588 1554 facilc
612 1466 807 1546 coaluerint,
836 1469 889 1533 nbi
918 1469 1093 1555 sulrjectum
1115 1467 1250 1552 logicum
1276 1466 1367 1533 initio
1404 1505 1406 1507 >

94 1574 230 1661 protasis
253 1574 392 1659 positum
416 1583 473 1654 est,
500 1585 531 1640 et
554 1576 651 1640 verba
673 1572 863 1641 incredibile
881 1585 1067 1641 memoratu
1086 1585 1133 1638 cst
1155 1574 1367 1639 anacoluthon
1392 1606 1394 1611 ·

92 1681 232 1768 quodam
247 1681 340 1746 modo
360 1681 518 1760 efficiunt3
541 1682 581 1747 cl.
607 1683 797 1747 locutionem
820 1703 955 1769 grecam
979 1688 1128 1761 θαυμαστὸν
1144 1672 1216 1759 teat,
1237 1690 1267 1746 et
1282 1680 1367 1766 apud

92 1789 242 1854 Nostrum
266 1787 413 1853 immune
443 1799 604 1875 quantum
642 1790 787 1871 (Histri,
807 1791 839 1868 7,
873 1790 918 1873 6).
954 1789 1108 1855 Similiter
1134 1789 1202 1855 Cat.
1234 1789 1266 1867 7,
1299 1787 1367 1853 3et

91 1897 162 1980 lug.
183 1897 237 1974 76,
257 1895 286 1960 3.
304 1933 345 1944 -
361 1894 406 1962 nd
424 1897 688 1961 constructionem
705 1896 789 1982 quod
807 1896 931 1973 attinet,
950 1898 989 1962 cl.
1012 1895 1148 1980 Madvig,
1171 1898 1187 1980 ξ
1208 1896 1271 1960 776
1288 1893 1320 1959 d.

548 2259 550 2264 ’
632 2259 760 2327 CAPUT
783 2260 821 2326 V.

534 2494 573 2537 DE
598 2494 826 2539 l‘rlR'l'lCULAllUll
850 2494 919 2539 USU.

715 2705 738 2770 l.

312 2908 319 2920 “
392 2898 566 2970 Copulativee
586 2897 733 2972 porticula*
750 2900 795 2972 (ct,
811 2916 879 2970 quac,
896 2904 988 2970 clerte,
1005 2901 1071 2970 occ).

138 3078 169 3144 l⁰
189 3078 246 3142 Et.

134 3185 180 3250 Et
203 3184 333 3249 nomina
357 3183 523 3249 consulum
538 3181 702 3268 conjungit
716 3184 783 3250 Cot.
804 3185 857 3263 77,
875 3185 905 3258 7,
931 3185 969 3248 L.
994 3184 1167 3250 Gaesuccet
1186 3185 1224 3250 C.
1248 3183 1363 3272 Fipulo

90 3288 290 3371 cortsctlidus,
316 3291 389 3356 item
406 3290 441 3356 C.
462 3290 516 3370 38,
551 3291 582 3367 7,
600 3289 657 3355 etsi
681 3290 873 3374 particulam
896 3289 1018 3356 classici
1035 3301 1178 3356 auctores
1198 3311 1363 3377 nunquam

90 3406 259 3483 usurpant,
276 3397 336 3463 nisi
352 3397 407 3464 ubi
422 3397 621 3482 praenomina
635 3396 750 3463 desunt
767 3397 820 3481 (ol.
843 3397 908 3463 Cic.
927 3396 965 3462 de
978 3398 1050 3463 Sen.
1072 3399 1202 3478 l0321r3
1225 3398 1292 3481 56).
1312 3400 1364 3465 Si-

90 3502 211 3570 militer
225 3506 353 3570 Tacitus
370 3504 468 3590 (Ann-
485 3525 527 3583 ru,
549 3504 606 3589 68)
626 3527 633 3568 :
654 3502 753 3569 lunio
768 3501 883 3569 Silano
900 3515 930 3569 et
943 3502 1026 3570 Silio
1041 3505 1151 3572 Neruo
1161 3502 1360 3570 capsidibus.

133 3610 213 3677 Ante
229 3610 293 3677 duo
312 3611 511 3676 substantiva
525 3631 583 3697 per
599 3611 787 3697 particulam
803 3621 834 3676 et
844 3611 955 3696 juncta
973 3613 1164 3698 plerumque
1181 3612 1363 3697 praepositio

88 3737 152 3784 non
168 3717 340 3803 repetitur3
359 3718 525 3783 nonnullis
540 3728 645 3784 tamen
662 3719 738 3784 locis
751 3717 836 3803 apud
851 3718 1040 3785 Sallustium
1057 3718 1192 3802 repetita
1202 3718 1361 3784 occurrit:

88 3825 156 3890 Cat.
181 3827 236 3902 52,
260 3826 312 3902 77,
331 3845 435 3911 quare
449 3845 524 3889 cum
538 3822 578 3889 dc
598 3827 636 3891 P.
662 3823 798 3890 Lentulo
817 3823 992 3911 ceterisque
1009 3823 1169 3899 statuetis,
1189 3845 1257 3913 pro
1277 3835 1363 3890 certo

87 3929 240 3998 dodetotc
262 3951 318 3996 vos
339 3929 443 3996 simiel
455 3929 494 3997 de
509 3931 655 3997 coercito
677 3930 828 3999 Catilinae
842 3942 873 3996 et
887 3929 926 3997 dc
940 3929 1091 3996 omatibus
1106 3930 1290 4020 conjuratis
1309 3929 1362 3996 de·

87 4059 217 4104 cernere
240 4038 293 4124 (cl.
308 4039 337 4103 J.
358 4039 433 4115 tot,
451 4039 488 4117 23
508 4040 583 4117 777,
602 4039 654 4124 7);
671 4040 741 4125 lug.
759 4040 816 4118 87,
848 4041 879 4117 7,
900 4060 1010 4104 secum
1028 4049 1058 4102 ct
1076 4059 1151 4104 cum
1168 4037 1243 4104 aliis
1256 4037 1362 4126 penti-

88 4143 164 4225 7778,
181 4148 209 4211 7.
227 4146 283 4226 85,
302 4146 356 4224 76,
374 4165 415 4210 ec
423 4155 568 4234 parente
580 4166 652 4211 mco
668 4157 699 4210 ct
713 4167 754 4210 cr
769 4143 845 4211 aliis
858 4145 980 4211 soractis
995 4144 1084 4210 vicis.

130 4253 187 4330 Et,
207 4251 246 4316 ad
262 4251 519 4338 conjungendum
535 4252 717 4336 negativum
728 4252 1016 4318 enunciatumcum
1032 4252 1234 4331 affirmativo,
1254 4271 1362 4318 rorum

86 4378 153 4425 esse
169 4360 246 4424 satis
260 4367 400 4440 constat3
417 4378 489 4445 quae
504 4360 695 4426 constructio
711 4360 872 4425 invenitur
888 4361 1014 4426 hissera
1029 4359 1104 4425 locis
1120 4382 1127 4424 :
1145 4360 1213 4426 Cat.
1232 4361 1287 4434 57,
1304 4361 1360 4438 27,

86 4464 128 4531 od
145 4463 254 4554 clipeis
268 4476 300 4531 et
309 4464 435 4532 idoneis
449 4464 496 4531 od
504 4465 657 4555 indipnos
672 4476 703 4532 et
717 4485 778 4532 non
795 4463 938 4544 idoneos,
958 4466 1011 4533 ubi
1028 4487 1140 4532 sensus
1153 4466 1362 4532 affirmativus

75 4582 132 4638 vest
148 4573 200 4655 (cl.
217 4574 246 4639 7.
268 4574 324 4652 87,
342 4575 362 4639 7
370 4598 379 4655 ;
400 4574 456 4652 85,
474 4573 547 4658 37);
569 4575 597 4639 7.
622 4575 676 4649 77,
699 4575 731 4650 2,
758 4582 788 4639 et
811 4573 892 4661 quio
911 4572 978 4638 diei
995 4584 1178 4638 extremum
1194 4582 1361 4659 erotpra’·

85 4679 168 4746 lium
184 4699 247 4746 uon
262 4678 427 4768 inceptum
434 4705 446 4760 ,·
462 4683 478 4746 7
483 4733 489 4747 .
506 4681 560 4758 37,
577 4682 636 4761 203
655 4682 710 4760 67,
728 4681 760 4757 6,
779 4691 810 4745 ct
824 4680 936 4747 animo
951 4679 1097 4770 cupienti
1109 4675 1197 4744 rotttt
1207 4677 1288 4744 sotis
1300 4678 1362 4765 ses·

86 4785 230 4866 tinctuc3
247 4787 274 4852 J.
296 4787 373 4866 776,
395 4789 427 4867 7,
449 4809 552 4865 sume,
571 4799 660 4853 utere
680 4799 721 4875 ct,
744 4785 968 4874 peucedanum,
984 4808 1169 4874 alumpnum
1185 4783 1360 4850 tibireddi·

1488 4928 1584 5175 7
