3314 5526
661 421 862 479 —tttt-

121 587 227 637 amore
241 564 430 653 exquisitior
444 562 619 642 videretur,
642 563 728 651 qnod
743 575 885 631 veterum
899 566 1167 653 vituperationem
1182 568 1340 635 acerbam
1356 589 1409 634 ex«

122 677 241 766 plicare
257 683 369 762 potest.
711 658 740 705 Ὗ

163 785 253 852 Nunc
272 800 345 847 vero
365 798 429 867 quo
449 798 550 866 usque
576 788 684 864 pateat
710 779 796 866 apud
822 779 1012 846 Sallustium
1033 781 1212 866 priscorum
1233 792 1409 851 auctorum

121 890 257 960 imitatio
287 887 395 975 paucis
423 885 642 972 exquiramus.
674 886 862 954 Gerlachius
885 887 1021 973 cogitate
1045 888 1180 955 consilio
1207 890 1408 957 archaismos

120 1018 217 1087 quam
237 994 392 1083 plurimes
421 992 575 1059 Sallustio
605 992 782 1059 attribuere
804 994 947 1072 tentavit,
968 994 1134 1081 multaque
1155 997 1299 1062 colerem
1320 997 1407 1063 anti·

120 1125 219 1195 quum
239 1102 381 1170 redolere
396 1099 572 1179 contendit,
588 1120 661 1187 quae
675 1120 752 1166 sane
774 1100 833 1167 hae
851 1102 1063 1187 explicatione
1083 1103 1286 1170 nullomodo
1311 1117 1405 1190 egent

120 1217 238 1283 Contra
267 1207 447 1277 Schultzius
479 1226 577 1292 qaam
610 1206 802 1293 paucissima
825 1208 1001 1275 archaismo
1025 1208 1175 1276 Sallustio
1207 1209 1340 1291 tribuit,
1371 1232 1406 1278 ac

120 1320 225 1389 nescio
241 1338 281 1385 an
298 1318 331 1383 iu
352 1314 551 1382 eontrarium
565 1313 708 1382 studium
724 1314 872 1381 inciderit
892 1316 914 1381 ¹.
936 1317 1016 1381 Nam
1036 1317 1092 1382 abi
1113 1317 1245 1403 aliquod
1266 1319 1404 1385 verbum

121 1427 206 1516 apud
220 1425 402 1493 Ciceronem
419 1432 474 1487 aut
498 1421 623 1487 Livium
642 1432 697 1489 aut
714 1422 814 1489 alium
831 1423 949 1490 bonum
964 1424 1150 1509 scriptorem
1168 1426 1217 1490 vel
1233 1427 1332 1492 semel
1350 1446 1400 1492 oc·

120 1534 232 1613 currit,
250 1531 331 1599 illud
344 1527 577 1617 jurepriscram
592 1529 753 1596 naminari
770 1550 860 1618 posse
875 1540 984 1617 negat3
1004 1531 1079 1597 item
1095 1530 1162 1614 (sed
1179 1532 1312 1612 rectius,
1328 1552 1402 1599 mea

119 1640 287 1724 sententie)
309 1638 393 1703 inter
413 1636 607 1703 archaismos
639 1656 703 1703 nou
723 1647 871 1704 numerat
890 1648 1010 1705 veteres
1031 1638 1148 1723 legum,
1172 1649 1227 1704 aut
1243 1640 1332 1726 juris
1351 1640 1404 1707 di·

120 1749 223 1826 cendi,
244 1755 300 1814 aut
315 1743 504 1831 reipublicae
527 1743 790 1811 administrandae
811 1744 979 1812 formulas.
1004 1746 1093 1831 lpses
1112 1765 1186 1813 vero
1202 1747 1404 1815 archaismos

119 1876 217 1945 quum
233 1874 291 1920 suo
307 1871 451 1941 quosque
472 1852 539 1917 loeo
555 1851 783 1932 notaverimus,
800 1851 851 1918 hic
863 1872 1053 1918 enumerare
1067 1873 1131 1918 non
1147 1873 1273 1920 neeesse
1295 1871 1355 1921 est.

164 1962 195 2028 d.
221 1998 265 2012 -
287 1960 334 2026 Ad
360 1958 490 2025 Catonis
511 1957 723 2024 imitationem
746 1958 832 2045 qued
857 1958 982 2039 attinet,
1008 1960 1074 2026 haec
1102 1970 1227 2026 tantum
1251 1964 1403 2049 exempla

120 2068 299 2139 Schultzius
310 2065 466 2131 admittit:
478 2065 609 2154 frastra
619 2086 685 2131 esse
697 2067 742 2153 (et
753 2066 818 2133 alia
829 2065 981 2133 adverbia
991 2087 1064 2134 cum
1075 2067 1171 2134 verbo
1182 2069 1401 2156 acacianam),

120 2176 249 2244 anteisse
266 2176 317 2261 (H.
332 2195 355 2252 v,
368 2175 422 2250 bl,
440 2174 490 2256 a),
504 2193 561 2259 pro
572 2184 707 2239 caretum
719 2195 798 2246 esse,
816 2173 1019 2262 benefacere,
1036 2174 1175 2261 denique
1188 2174 1400 2259 formemcre,

120 2305 176 2374 pro
191 2292 300 2360 mant,
323 2280 354 2345 in
371 2279 465 2346 tertie
485 2299 621 2366 persona
642 2279 777 2367 pluralis
794 2280 918 2347 numeri
935 2281 1065 2367 perlecti
1082 2281 1189 2348 activi.

159 2390 260 2475 Magis
293 2386 422 2453 Catonis
444 2386 616 2452 imitationi
639 2387 753 2453 tribuit
775 2389 956 2453 Braennevt
977 2387 1013 2473 (l.
1038 2389 1058 2453 l.
1084 2409 1116 2475 p.
1143 2388 1162 2453 7
1189 2388 1277 2476 sqq.)
1287 2412 1297 2469 ;
1324 2409 1401 2457 nam

118 2497 221 2566 verbis
232 2504 262 2563 et
274 2492 488 2560 locutionibus
500 2493 749 2581 supralaudatis
764 2495 831 2561 haec
845 2494 942 2561 verba
962 2493 1075 2560 addit:
1090 2494 1264 2585 presepia,
1282 2494 1400 2577 luxus,

118 2605 324 2693 benefactum
341 2601 366 2680 ²,
383 2599 551 2689 nequitur,
567 2600 827 2678 strenuissimam
844 2602 918 2668 item
937 2602 1204 2669 constructionem
1232 2603 1323 2671 verbi
1350 2602 1401 2670 ire

115 2732 186 2779 cum
207 2709 336 2796 supino,
354 2717 385 2773 et
398 2708 569 2775 verborum
584 2706 790 2774 deliberandi
802 2729 874 2775 cum
889 2709 993 2775 verbis
1009 2730 1085 2775 cum
1097 2708 1223 2789 enimc,
1241 2721 1400 2795 praeteree

118 2817 281 2906 particula
297 2804 400 2903 ipr'tar
416 2815 447 2879 in
460 2815 619 2900 principio
634 2815 796 2881 enunciati
811 2816 1065 2897 collocationem,
1080 2837 1153 2904 quae
1168 2816 1278 2884 omnia
1289 2827 1398 2884 tamen

116 2945 180 2992 non
195 2923 323 2991 Catenis
337 2931 462 2988 tentum
482 2932 537 2987 aut
551 2922 696 2989 Sallustii
718 2931 803 2988 sunt.

158 3029 343 3125 Deltourius
358 3048 447 3110 vero,
464 3029 522 3096 etsi
538 3030 713 3095 nonnullas
740 3029 989 3096 constructiones
1003 3029 1185 3117 formasque
1210 3049 1275 3096 non
1297 3030 1398 3098 unias

116 3140 257 3216 Catonis,
279 3135 334 3203 sed
359 3147 415 3202 aut
433 3136 528 3203 tetius
549 3136 763 3223 antiquitatis,
785 3145 841 3202 eat
859 3139 1042 3204 (trecorum
1059 3136 1328 3204 consuetudinem
1349 3140 1399 3204 lo-

114 3244 233 3334 quendi
245 3245 364 3311 relerre
375 3243 532 3330 cognovit,
545 3256 652 3310 tanuen
664 3263 728 3309 nen
738 3264 838 3329 pauca
855 3264 968 3329 param
982 3244 1203 3310 recteCatonis
1219 3243 1397 3313 imitationi

115 3353 239 3431 tribuit,
257 3363 292 3418 ut
306 3349 474 3432 acervatos,
489 3362 576 3416 artes
597 3348 688 3417 bonae
702 3352 750 3416 vel
771 3349 880 3428 melre,
899 3348 977 3416 benc
989 3353 1037 3417 vel
1052 3349 1139 3417 mele
1154 3350 1298 3433 cccvvire,
1315 3374 1398 3418 con-

112 3457 230 3540 sulere,
246 3469 378 3525 atatem
392 3478 491 3545 apere
506 3478 579 3545 per,
598 3456 772 3547 festinatae,
792 3455 857 3523 niti
869 3479 932 3546 pro
952 3455 1078 3545 aliquo,
1093 3456 1230 3546 secians
1247 3459 1346 3545 (bono
1366 3468 1398 3525 et

112 3568 197 3634 male
212 3565 336 3652 sensu),
354 3563 444 3630 locus
459 3565 646 3650 (occasionis
660 3568 707 3632 vel
724 3574 824 3631 status
838 3565 1098 3650 significatione),
1112 3585 1190 3630 cero
1201 3567 1248 3649 (in
1266 3565 1399 3633 locutio·

113 3673 208 3740 nibus
221 3693 261 3737 ea
275 3692 365 3752 aere,
382 3671 581 3759 praecinere,
598 3693 712 3737 verunt
726 3670 918 3757 enr'rrvccro),
931 3692 983 3737 me
1001 3669 1076 3738 diets
1093 3668 1221 3750 Fidiae,
1240 3683 1399 3757 praeterea

113 3779 304 3869 copulativae
324 3778 488 3867 particulae
502 3790 601 3867 etque
621 3781 818 3866 frequentem
835 3799 940 3857 usum,
957 3799 1029 3865 qnae
1045 3779 1199 3866 pleraque
1218 3777 1307 3866 apud
1327 3799 1398 3847 om-

112 3907 168 3954 nes
182 3886 327 3953 omniurn
341 3896 471 3952 aetatum
486 3887 658 3973 scriptores
675 3886 706 3952 in
723 3907 783 3952 usu
799 3887 941 3953 luerunt.

152 3993 200 4062 nd
214 4003 316 4059 totum
331 4013 405 4059 vere
422 3983 548 4060 dicendi
562 4014 661 4080 genus
677 4003 708 4060 et
723 3992 763 4059 ad
775 4004 873 4060 totam
884 3992 1027 4060 historiae
1038 3989 1214 4059 scribendae
1231 3990 1394 4062 rationem

111 4101 198 4188 qaod
214 4100 339 4181 attinet,
359 4100 391 4166 in
407 4120 443 4167 eo
459 4101 636 4187 prasertim
651 4100 785 4187 vestigio
800 4101 930 4167 Catonis
950 4109 1077 4167 secutus
1091 4119 1159 4167 esse
1174 4098 1302 4167 videtur
1323 4100 1397 4169 Sal·

142 4285 166 4331 l.
181 4279 261 4329 Suam
276 4278 425 4343 opinionem
441 4278 587 4329 Schultaius
600 4279 639 4329 sic
654 4279 761 4344 collegit
777 4281 806 4344 (l.
822 4280 841 4331 l.
856 4297 882 4346 p.
899 4281 939 4345 ld)
954 4296 960 4329 ε
978 4302 990 4326 a
1006 4281 1066 4330 Mea
1078 4279 1184 4344 quidem
1198 4281 1327 4333 sannatia
1340 4282 1398 4334 sxt-

110 4350 205 4403 luatius
217 4350 384 4400 archaismos
398 4351 542 4414 usurpavit,
556 4350 599 4414 qui
615 4356 702 4401 tamen
717 4351 816 4416 injuria
830 4352 868 4402 ita
882 4353 1054 4416 augebantur,
1070 4360 1098 4402 ut
1111 4367 1172 4402 cum
1184 4352 1277 4413 multa,
1292 4368 1354 4418 quaa
1367 4354 1397 4405 iu

109 4421 217 4489 optimis
232 4421 405 4485 scriptoribus
419 4422 497 4471 etiam
512 4437 579 4471 nunc
593 4429 662 4481 sunt,
677 4423 764 4488 prisca
779 4423 945 4482 haberentur,
959 4431 1012 4472 turn
1021 4423 1086 4488 justi
1097 4422 1231 4486 graecismi
1240 4423 1269 4473 in
1278 4425 1398 4476 archais-

109 4493 160 4543 mis
174 4492 414 4542 adnumerarentur.
430 4512 442 4537 u
459 4493 492 4542 nt
505 4491 582 4557 paulo
595 4492 665 4542 infra
680 4509 686 4543 ε
700 4511 714 4541 a
729 4493 780 4543 Sed
794 4494 948 4543 archaismis
963 4493 1115 4544 Sallustiani
1123 4495 1307 4559 cleqattllom
1317 4504 1345 4545 et
1353 4509 1396 4548 re·

108 4565 239 4615 corttt'eres
253 4571 313 4612 sunt
327 4569 353 4612 et
365 4578 461 4626 magna
476 4579 536 4612 cum
551 4563 667 4613 sollertia
680 4564 791 4614 orationi
806 4564 942 4629 implicati.
959 4584 971 4611 v

141 4636 165 4685 2.
179 4633 236 4683 Hoc
251 4635 359 4683 verbum
374 4650 390 4683 a
404 4635 501 4683 Catone
514 4641 668 4700 usurpatum
683 4636 751 4700 apud
767 4636 889 4685 Plautum
903 4636 982 4685 etiarn
999 4635 1136 4700 invenitur,
1151 4635 1263 4702 ideoque
1277 4635 1312 4686 ad
1327 4636 1395 4703 pris·

109 4718 201 4755 eorum
214 4704 388 4756 imitationem
402 4705 494 4756 referri
510 4712 611 4771 potest3
633 4705 703 4756 idem
717 4707 749 4757 de
765 4706 870 4758 roeibus
884 4707 1103 4772 strenuissimus,
1118 4708 1249 4775 nequitate·
1272 4706 1327 4759 dici
1345 4722 1394 4775 po·

109 4780 172 4825 teat.
961 4793 974 4813 r
