3314 5526
741 427 935 504 —rss-÷

641 704 643 709 <
736 660 865 728 CAPUT
887 663 940 730 tv.

601 862 641 905 uu
664 861 851 907 rcnronmus
875 863 912 906 ur
936 863 1027 907 nonis
1049 835 1085 906 ¹.'

244 1031 277 1095 l⁰
300 1032 446 1096 Prreseus
461 1027 653 1094 historicum
675 1029 759 1114 quod
774 1030 903 1110 dicitur,
921 1050 984 1096 uon
999 1041 1122 1096 tantum
1138 1016 1223 1116 apud
1239 1030 1406 1098 historicos
1421 1053 1477 1100 oc-

198 1137 310 1217 currit,
328 1122 381 1203 sed
403 1136 500 1202 etium
522 1136 607 1221 apud
622 1137 702 1201 alios
724 1138 905 1222 scriptores,
924 1137 978 1203 ubi
1003 1146 1058 1222 per
1077 1137 1399 1226 repraesentationem
1415 1141 1476 1221 sub

198 1244 299 1311 oculis
325 1244 450 1310 lectoris
470 1243 629 1329 preterita
653 1243 734 1309 actio
763 1243 942 1310 reducenda
966 1254 1028 1324 est;
1054 1245 1143 1330 cujus
1164 1246 1421 1328 constructionis,
1438 1259 1477 1314 ut

198 1371 256 1436 par
274 1362 334 1431 est,
352 1351 537 1437 permulta²
559 1352 589 1415 iu
613 1351 758 1427 Sallustii
777 1351 869 1416 libris
890 1353 1035 1437 exempla
1054 1362 1139 1431 sunt,
1157 1351 1276 1438 quippe
1290 1353 1358 1440 qui,
1376 1365 1413 1420 ut
1428 1355 1476 1420 ait

197 1459 398 1535 Gerlarltius,
415 1478 464 1523 res
476 1469 579 1544 gestus
591 1478 662 1523 curu
678 1477 802 1524 summa
817 1463 932 1540 ἐναργείᾳ
948 1470 1096 1544 exponat,
1114 1457 1157 1524 ita
1172 1471 1208 1525 ut
1227 1461 1292 1546 geri
1310 1461 1475 1546 negotium

197 1577 228 1631 et
248 1587 295 1631 res
316 1576 387 1630 ante
408 1566 514 1630 oculos
538 1585 603 1630 esse
622 1565 778 1631 videatur.
801 1565 858 1630 Cui
885 1565 1016 1651 tempori
1042 1576 1146 1631 cetera
1171 1566 1214 1631 ita
1234 1587 1374 1633 connexa
1398 1581 1475 1634 suut

196 1682 243 1750 ut,
266 1673 356 1758 quasi
374 1673 406 1737 in
428 1672 548 1737 umbris
572 1673 686 1750 locata,
704 1671 904 1759 reliquorum
924 1673 1131 1738 eminentium
1147 1673 1328 1761 adaugeant
1343 1695 1475 1761 expres·
1513 1668 1516 1673 ’

195 1780 375 1864 sioremque
401 1778 546 1844 reddant.
567 1779 626 1844 Sed
651 1799 690 1843 ne
711 1799 834 1865 semper
855 1780 940 1855 idern
955 1790 1045 1845 tenor
1060 1772 1214 1846 orationis
1229 1782 1281 1860 sit,
1300 1782 1422 1848 accedit
1438 1783 1473 1849 in

197 1888 204 1951 i
211 1907 266 1972 psa
281 1897 460 1971 temporum
475 1885 702 1970 compositione
717 1905 842 1961 sumnia
855 1886 1003 1952 varietus.
1023 1887 1073 1952 Sic
1088 1888 1259 1971 perlectum
1278 1889 1309 1953 in
1326 1890 1473 1974 sequenti

194 1994 359 2058 enuntiato
384 2013 466 2078 saepe
492 1992 622 2078 ponitur
653 1984 752 2085 :Jugss
771 1993 827 2072 64,
849 1993 881 2072 3,
901 2004 1083 2080 postquam
1099 1992 1166 2059 dae
1182 2006 1282 2081 utque
1303 1992 1372 2088 aliu
1388 1994 1474 2060 talia

194 2099 398 2186 diciturque
413 2097 544 2164 oninrus
564 2098 654 2164 illuri
664 2088 822 2187 flectitur,
837 2098 1022 2188 respondr‘t3
1039 2100 1067 2164 J.
1086 2101 1139 2178 76,
1151 2107 1183 2178 li,
1201 2100 1250 2166 idi
1258 2099 1334 2166 uiuo
1349 2111 1382 2166 et
1394 2123 1474 2190 epu·

195 2206 235 2272 lis
255 2206 384 2271 onerati
411 2204 535 2293 illeque
553 2217 584 2271 et
600 2192 736 2272 dentum
755 2219 786 2272 et
798 2217 898 2296 seruet
913 2205 985 2293 iperi
995 2218 1229 2295 conrumperent,
1248 2218 1279 2272 et
1296 2229 1379 2295 perus
1394 2210 1478 2275 uicti

133 2339 135 2343 ’
189 2312 238 2378 od
259 2312 404 2378 hostibus
415 2335 533 2401 pererras
552 2324 749 2388 protuerunt,
770 2335 825 2378 eus
840 2313 905 2402 ipsi
915 2312 1055 2384 colereter
1068 2311 1276 2403 pepettdere,·
1293 2314 1345 2400 (cl.
1362 2316 1390 2380 J.
1414 2316 1471 2394 73,

195 2421 227 2499 7,
247 2425 318 2504 etc).
336 2422 452 2486 Contra
468 2422 633 2506 aperlecto
654 2421 694 2486 ad
714 2440 853 2506 prensens
879 2421 1063 2486 historicum
1082 2421 1236 2486 transitur
1260 2423 1331 2508 lug.
1356 2423 1412 2500 49,
1438 2423 1470 2502 l,

193 2527 361 2615 Jupurtde
383 2564 428 2576 -
451 2524 607 2605 consedit,
625 2525 808 2616 elephantis
836 2538 867 2591 et
878 2527 976 2616 porti
997 2526 1169 2614 cupierunt
1181 2524 1388 2616 pedestrium
1409 2531 1470 2594 Bo-

192 2633 361 2699 ruilcarenr
369 2632 537 2722 praefecit,
559 2655 699 2720 aureque
713 2632 822 2699 edocet
836 2654 909 2720 puae
929 2645 1050 2721 reperet.
1070 2635 1132 2720 (Cl.
1153 2635 1208 2714 58,
1230 2635 1263 2714 5,
1285 2638 1356 2718 etc).

238 2741 284 2806 Ad
312 2751 455 2825 tempora
474 2761 544 2826 quea
567 2760 704 2824 prensens
726 2740 912 2806 historicum
937 2750 1114 2826 sequuntur
1138 2741 1223 2826 quod
1252 2743 1376 2820 attinet,
1401 2743 1466 2810 duo

190 2867 306 2931 genera
322 2846 545 2931 distinguenda
569 2859 654 2911 sunt.
681 2849 712 2913 l⁰
728 2847 959 2912 Seeuudurium
975 2848 1176 2913 enuntiatum
1192 2849 1353 2934 praecedit.
1376 2852 1466 2917 Tunc

190 2955 319 3040 quidem
344 2955 450 3020 Cicero
472 2954 690 3039 imperfectum
714 2956 762 3019 vel
790 2956 959 3041 piusquam
976 2957 1148 3041 perlectum
1168 2956 1361 3040 conjunctivi
1378 2957 1466 3023 adhi-

188 3061 253 3140 bet,
270 3062 295 3127 si
323 3061 354 3126 in
372 3082 542 3147 prmgresso
564 3061 694 3148 periodo
715 3061 780 3126 aliu
805 3063 973 3148 praesentis
996 3083 1059 3127 non
1084 3062 1163 3143 sint3
1191 3084 1329 3149 praesens
1353 3075 1481 3130 contra.

188 3170 382 3252 conjunctivi
405 3182 550 3254 usurpat,
577 3169 601 3234 si
633 3170 697 3234 alia
728 3170 878 3235 historica
901 3169 1068 3256 praeseutia
1090 3153 1280 3255 praecedant.
1299 3171 1377 3236 ltern
1397 3172 1463 3236 lero

187 3277 292 3342 Caesar
302 3301 310 3355 ;
329 3276 502 3343 Sallustius
515 3297 588 3342 vero
605 3277 667 3343 duo
683 3279 827 3362 exempla
841 3287 964 3342 tanturn
979 3276 1074 3361 hujus
1089 3277 1213 3361 generis
1230 3278 1349 3363 profert
1365 3299 1372 3341 :
1390 3278 1460 3343 Cat.

188 3384 242 3464 td,
258 3385 278 3448 ⁶2
296 3383 424 3465 (Cicero
439 3421 483 3433 -
499 3383 643 3471 r'mperot
660 3395 698 3448 ut
711 3382 744 3448 iu
755 3394 856 3472 ponte
874 3382 1001 3450 Muluio
1011 3405 1077 3472 per
1092 3381 1230 3449 iusidias
1244 3381 1463 3470 Allodropuru

186 3489 360 3554 contitutus
381 3487 638 3578 deprehendant.
657 3492 737 3555 Item
760 3512 890 3556 omnem
910 3489 1029 3579 aperit,
1048 3472 1147 3577 cujcrs
1163 3488 1275 3577 pretio
1290 3488 1463 3554 mitteban-

186 3608 251 3676 tur,
267 3608 386 3674 cetero,
413 3596 465 3662 uti
479 3597 571 3684 sacto
596 3619 679 3686 opus
703 3598 756 3673 sit,
776 3597 824 3663 itu
844 3608 950 3683 agant,
970 3596 1147 3684 permittit,
1170 3596 1237 3673 ubi,
1265 3599 1361 3681 plura
1385 3617 1462 3681 pree·

185 3704 287 3771 seutia
308 3704 509 3788 praecedunt3
527 3715 557 3768 at
577 3705 644 3769 sine
661 3725 833 3790 praegresso
852 3691 1003 3790 prasente
1020 3704 1220 3784 insolentius,
1237 3705 1307 3781 lou.
1324 3703 1403 3782 403,
1426 3704 1459 3781 3,

184 3831 237 3875 cos
252 3808 298 3876 od
310 3810 459 3877 Marium
475 3833 514 3877 uc
536 3808 663 3891 deinde,
680 3811 710 3877 si
723 3813 856 3897 placent,
873 3814 1009 3877 [tornum
1026 3810 1150 3898 lepatos
1165 3809 1213 3874 ire
1222 3808 1331 3898 jubet.
1347 3811 1381 3875 2⁰
1401 3811 1461 3876 Se-

184 3917 375 3983 oundarium
401 3919 601 3984 enuntiatum
624 3919 814 4007 primarium
839 3919 994 4005 sequitur.
1018 3920 1105 3984 Tunc
1128 3937 1202 3983 vero
1228 3917 1313 4003 apud
1339 3917 1461 3984 Sallus-

183 4025 278 4099 tium,
298 4036 333 4089 ut
358 4025 442 4111 apud
465 4027 661 4103 Ciceronem,
689 4046 773 4091 nunc
791 4046 940 4114 praeseus
962 4025 1155 4111 conjunctivi
1182 4023 1354 4101 invenitur,
1371 4024 1460 4101 velut

183 4131 251 4196 Cat.
271 4131 327 4210 36,
344 4132 377 4209 3,
392 4144 553 4220 praetereo
568 4129 711 4198 decernit
733 4131 783 4197 utr'
804 4130 950 4198 consules
965 4129 1119 4198 dilectum
1134 4129 1295 4207 lrabeorrt;
1314 4132 1366 4213 (el.
1385 4131 1456 4215 Jug.

183 4239 238 4316 54,
258 4239 292 4317 4;
315 4240 369 4318 62,
390 4241 419 4318 l,
442 4240 539 4326 etc.);
566 4261 651 4305 nuuc
662 4239 868 4328 preteritum
898 4241 1013 4326 (multo
1032 4241 1128 4304 etiarn
1149 4239 1347 4324 frequentius
1373 4237 1459 4323 apud

184 4345 401 4434 Sallustium),
414 4349 529 4432 utJug.
549 4349 603 4425 32,
623 4355 652 4412 l.
668 4346 850 4414 Mummius
858 4344 987 4435 populo
998 4343 1176 4434 persuadet
1192 4344 1289 4410 rrtiL.
1310 4342 1456 4424 Cassius,

212 4562 234 4609 l.
253 4559 282 4607 lu
296 4559 345 4608 hoe
361 4559 472 4623 capitulo
487 4560 633 4619 tractando,
648 4558 838 4608 multumnobis
851 4559 949 4622 proluit
962 4558 1089 4622 Draegeri
1111 4559 1142 4607 de
1159 4557 1263 4622 Syntaxi
1288 4557 1368 4606 latina
1382 4557 1456 4614 liber.

181 4628 253 4692 cujus
269 4628 411 4678 divisiones
429 4630 579 4694 plerumque
597 4631 795 4693 adoptavimus3
816 4631 937 4679 nonnulla
958 4630 1036 4680 etiam
1050 4630 1166 4693 exemplu
1187 4645 1218 4678 ex
1238 4628 1321 4678 latina
1342 4628 1456 4676 virorum

181 4698 316 4747 doctorum
328 4700 444 4749 Guardia
454 4701 640 4750 etWierreiski
652 4701 823 4764 grammatica
837 4701 979 4750 hausimus

212 4774 234 4820 2.
255 4771 320 4820 l'ide
331 4773 391 4835 Jug.
408 4776 446 4835 13,
462 4773 504 4821 ubi
520 4772 656 4821 duodecim
671 4773 783 4837 emplius
795 4773 933 4837 praesentis
948 4772 1068 4822 historici
1084 4771 1200 4834 exempla
1213 4767 1336 4835 congesta
1355 4780 1422 4821 suut.
