3314 5526
706 445 903 502 -155-

185 588 473 677 quamperseetom
488 608 545 656 nec
559 596 633 663 oum
641 599 824 679 postquam
840 610 897 656 nec
907 608 978 656 oum
989 587 1050 655 cdi
1062 590 1393 675 repentem-Adde
1406 603 1456 672 et,

187 697 254 763 Cat.
275 696 329 770 11,
344 697 376 776 6,
406 717 487 762 nom
503 706 537 762 ut
552 694 713 784 cujusque
725 694 872 762 studium
886 718 926 762 ec
944 706 1040 763 eetote
1058 695 1242 784 (inprobat,
1260 697 1336 764 aliis
1353 709 1463 765 scorta

183 801 344 891 predere,
368 815 446 882 eto.;
466 839 512 854 -
531 822 751 890 quamquam,
776 804 848 889 Jug.
871 804 925 881 37,
950 805 983 878 1,
1006 823 1254 890 qrcemqnom...
1280 815 1459 890 poteret,...

188 921 298 976 temen
319 912 403 992 (cum
420 921 574 996 praesente
591 908 740 976 historico
761 909 792 975 in
810 908 999 995 precedenti
1017 911 1179 996 periodo);
1201 946 1246 961 -
1259 911 1320 977 nii
1337 912 1465 995 (edver-

188 1016 279 1083 bium
306 1017 395 1102 loci),
417 1037 489 1082 cum
517 1015 722 1104 imperfecto,
742 1017 813 1101 lug.
830 1017 887 1094 60,
906 1016 1078 1095 13-sin,
1095 1019 1166 1104 Jug.
1189 1018 1243 1096 58,
1263 1019 1406 1102 otardo,
1429 1021 1464 1096 6,

189 1122 243 1188 sed
267 1142 339 1189 cum
365 1142 428 1188 uno
450 1131 574 1189 tantum
605 1122 790 1208 infinitivo).
815 1123 950 1190 Unicum
980 1124 1161 1210 exemplum
1182 1134 1229 1190 est
1255 1125 1323 1192 Cat.
1350 1126 1405 1204 31,
1429 1126 1463 1205 8,

191 1229 244 1296 ubi
260 1250 336 1295 cum
351 1230 533 1316 conjunctio
549 1228 641 1296 initio
656 1229 816 1295 enuncieti
835 1240 958 1316 tempus
978 1228 1158 1296 definientis
1179 1230 1381 1297 adhibeatur.

154 1345 156 1352 '
232 1337 396 1421 Perpauce
410 1338 507 1401 etiarn
527 1348 602 1402 sunt
617 1337 687 1401 loce
699 1356 771 1422 quae
794 1323 857 1402 non
872 1336 954 1402 inter
970 1336 1090 1423 species
1106 1357 1205 1422 supra
1220 1336 1395 1423 descriptas
1410 1358 1466 1404 nu·

188 1443 305 1508 mereri
323 1455 453 1528 queant,
472 1454 508 1508 ut
521 1442 591 1528 Jug.
615 1443 671 1518 59,
688 1442 721 1520 3,
743 1462 847 1529 neque
861 1439 986 1508 diutins
1003 1439 1156 1509 Numidce
1175 1443 1323 1509 resistere
1342 1443 1465 1532 quiuis·

188 1561 270 1628 seut,
292 1548 331 1614 ni
337 1546 470 1637 pedites
488 1569 563 1614 cnm
578 1546 743 1636 equitibus
750 1547 918 1638 permixti
929 1570 1089 1635 mappam
1103 1547 1231 1614 cladem
1246 1549 1281 1615 in
1293 1571 1467 1638 conpressu

187 1656 348 1744 facerent.
369 1654 496 1737 Quibus
512 1653 564 1720 illi
575 1653 653 1739 [reti
666 1676 744 1733 non,
762 1655 813 1720 nti
826 1655 969 1742 equestri
976 1654 1098 1744 preelio
1112 1655 1204 1721 solet.
1219 1656 1324 1743 sequi,
1337 1655 1412 1722 dein
1420 1679 1467 1723 ce·

190 1761 279 1841 dere,
302 1759 361 1828 sed
382 1761 530 1827 advorsis
549 1760 641 1848 equis
656 1780 860 1833 concinnere.
877 1761 1050 1850 implicare
1065 1761 1313 1850 ocsspertorbare
1335 1761 1466 1829 aciem:

190 1867 239 1934 ita
257 1866 419 1958 expeditis
434 1865 602 1956 peditibus
616 1867 685 1933 suis
700 1865 802 1934 hostis
816 1889 915 1956 poene
933 1866 1034 1934 uictos
1052 1865 1146 1947 dore,
1168 1870 1222 1935 ubi
1246 1869 1377 1936 verbum
1392 1870 1467 1936 fini-

116 1997 118 2001 ·
193 1986 260 2041 turn
275 1975 466 2062 cogitatione
481 1995 519 2041 ex
542 1975 643 2040 forma
667 1973 874 2060 precedentis
898 1975 1059 2041 enuncieti
1082 1975 1231 2061 fingitur3
1250 1976 1301 2042 hic
1325 1978 1411 2043 enim
1430 1997 1467 2043 ex

191 2083 390 2169 suppositivo
407 2082 576 2149 enunciare
592 2082 650 2153 hoc
664 2081 783 2157 sectum
797 2082 955 2168 cogitetur
971 2081 1056 2167 quod
1071 2079 1198 2170 pedites
1215 2103 1292 2147 cnm
1305 2081 1469 2170 equitibus

161 2262 164 2270 ¹
189 2187 350 2276 permisti
362 2209 521 2276 mepnom
536 2184 663 2254 cladem
678 2187 713 2254 in
727 2209 901 2277 conpressu
915 2209 1084 2259 recnnuur.
1101 2187 1186 2274 quod
1202 2189 1333 2275 quidem
1340 2189 1468 2277 perseo-

194 2284 264 2361 tum
279 2296 440 2361 actionum
457 2315 512 2380 per
531 2294 706 2362 infinitivos
722 2296 887 2362 historicos
899 2315 1122 2380 expressarum
1132 2306 1256 2380 tempus
1269 2295 1403 2363 definire
1417 2317 1470 2382 po·

195 2411 264 2468 test.
282 2401 466 2487 Aliquando
478 2421 554 2467 vero
573 2401 613 2468 ad
628 2402 796 2469 definitum
812 2413 935 2487 tempus
950 2422 1047 2487 supra
1067 2401 1205 2487 positum
1218 2401 1469 2472 reducimurva-

194 2508 251 2574 riis
268 2509 494 2584 locutionibus,
512 2509 647 2594 exempli
663 2529 775 2575 causa:
793 2507 926 2575 insolite
937 2529 973 2574 re
986 2509 1068 2595 (ing.
1086 2509 1141 2587 51,
1154 2509 1203 2594 2),
1219 2507 1303 2595 qnod
1315 2508 1355 2575 ed
1371 2511 1468 2575 verba

194 2613 237 2680 ob
255 2613 387 2682 Metello
395 2613 540 2704 petundi
556 2614 669 2703 pratia
687 2615 876 2682 missionem
893 2626 992 2703 ropac
1010 2614 1212 2682 referendum
1232 2627 1290 2707 est,
1312 2637 1330 2681 a
1350 2617 1469 2702 quibus
1535 2700 1537 2704 ι

196 2723 344 2788 universo
360 2742 416 2809 per
443 2722 657 2808 parenthesim
673 2722 837 2809 interjecto
855 2723 1023 2789 enunciato
1046 2721 1230 2789 dividitur:
1252 2723 1369 2810 Itaque
1391 2743 1469 2788 con·

194 2839 303 2895 motus
315 2828 444 2896 insolita
459 2849 492 2895 re
507 2827 627 2895 mirari
633 2828 783 2917 primum
795 2829 868 2917 ejus
883 2827 1056 2895 consilium
1066 2838 1098 2894 et
1106 2827 1205 2916 qnasi
1205 2849 1272 2916 per
1286 2828 1469 2895 amicitiem
1505 2873 1509 2879 -

194 2957 326 3003 monere
338 2957 379 3001 ne
394 2948 582 3026 tamprooa
597 2934 766 3024 inciperet,
782 2957 847 3001 neu
860 2957 960 3025 seper
970 2936 1146 3025 fortunam
1159 2935 1311 3003 animum
1323 2947 1473 3024 perere&
1548 2979 1552 2987 -

184 3081 237 3118 ,-
248 3054 366 3132 posteo
376 3043 405 3128 (J
411 3063 460 3130 ng.
474 3043 549 3120 113,
560 3044 607 3126 2),
623 3042 865 3129 quodsimititer
882 3043 922 3108 ad
936 3044 1069 3111 verbum
1080 3042 1205 3109 finitum
1214 3042 1382 3132 promisit,
1401 3042 1472 3108 uni·

195 3171 283 3217 verso
303 3150 472 3221 enuncieto
492 3149 669 3235 interjecto,
683 3149 830 3236 jungitur
856 3148 937 3231 (dece
949 3151 1092 3216 Maurus
1104 3169 1227 3229 secum,
1245 3148 1315 3237 ipse
1333 3146 1392 3215 diu
1406 3148 1471 3215 vol·

195 3278 271 3322 vens
286 3253 419 3322 tandem
429 3255 596 3344 promisit,
613 3266 757 3322 ceterum
775 3253 851 3321 dolo
866 3277 912 3320 on
926 3276 1001 3321 uere
1015 3266 1186 3322 cooneratus
1196 3277 1320 3346 porrum
1340 3276 1472 3344 compe-

193 3362 309 3429 rimus.
330 3359 399 3429 Sed
407 3360 610 3451 plerumque
633 3361 735 3450 reqiae¹
749 3360 935 3429 uoluntates
963 3372 1002 3427 ut
1026 3360 1229 3429 vehementes
1250 3361 1297 3427 sic
1320 3359 1469 3438 mobiles,

194 3491 279 3558 seepe
298 3469 376 3559 ipse
394 3468 459 3535 sibi
478 3467 637 3536 adversm.
664 3472 824 3543 Pontem„
845 3467 993 3535 Bocchus
1014 3467 1145 3535 Sullam
1165 3466 1277 3548 modo,
1296 3466 1394 3535 modo
1412 3471 1471 3534 ln·

194 3574 477 3665 purtlrmlepctnm
490 3574 671 3663 appellare,
683 3573 819 3664 deniqne
830 3573 964 3656 dobere,
975 3573 1064 3642 idem
1074 3573 1235 3641 ambobus
1241 3572 1473 3662 pollicere);-

189 3681 349 3772 peridem
359 3695 498 3772 tempus,
508 3685 578 3770 Jug,
590 3685 645 3765 70,
657 3685 671 3750 1
685 3683 839 3765 3-inter
850 3682 918 3750 dec
926 3682 1072 3770 nepotio,
1081 3685 1097 3749 J
1101 3704 1152 3769 ug.
1166 3682 1221 3761 17,
1230 3683 1250 3749 3
1259 3705 1267 3761 ;
1276 3681 1470 3761 -interim,

195 3793 267 3873 Jug.
285 3791 379 3869 915
396 3790 418 3858 ¹.
434 3792 543 3877 Neque
567 3788 638 3856 ideo
652 3790 830 3877 putendum
849 3801 897 3857 est
910 3792 1102 3876 temporales
1122 3790 1195 3855 ides
1210 3782 1399 3868 locutiones,
1417 3793 1486 3855 nut'

196 3898 316 3964 similes
341 3898 434 3978 alins,
460 3896 484 3961 si
511 3906 636 3983 tempus
658 3897 785 3964 finitum
810 3897 1016 3983 praepositum
1040 3897 1095 3973 sit,
1119 3872 1183 3962 nod
1201 3915 1290 3982 posse
1305 3895 1468 3981 usurpari.

196 4004 411 4071 conferantur
424 4004 510 4070 enim
525 4003 593 4070 Cet.
620 4004 674 4084 18,
701 4005 737 4086 1,
757 4006 829 4091 Jng.
846 4005 903 4081 55,
920 4004 954 4083 8,
971 4016 1031 4070 etc.
1051 4003 1233 4070 Notandum
1254 4012 1408 4089 praetereo
1424 4013 1472 4069 est

177 4124 179 4129 ’
197 4111 256 4179 hoe
271 4103 402 4177 unicum<
414 4113 608 4196 exemptum,
626 4110 680 4176 ubi
695 4131 766 4177 cum
787 4110 1112 4183 infinitivohistorico
1125 4109 1332 4196 conjungitur
1345 4118 1472 4177 certum

103 4212 107 4221 '
197 4217 348 4304 temporis
358 4228 555 4284 momentum
572 4217 660 4284 :Can
677 4219 733 4298 17,
748 4219 780 4297 1,
795 4215 1332 4306 ipitmcirciterkalendaslunias,
1346 4217 1385 4281 L.
1405 4215 1472 4282 Oce·

196 4325 367 4392 sorceti).
382 4322 501 4413 Fiqnlo
515 4321 716 4405 consulibus,
733 4323 845 4414 primo
859 4322 1006 4412 simpulos
1025 4321 1208 4414 appellere,
1225 4322 1356 4389 tortari
1373 4320 1468 4403 alios,

228 4557 252 4605 1.
268 4555 398 4603 Incertum
413 4559 452 4605 est
465 4569 499 4604 an
514 4553 608 4619 fragm.
625 4570 661 4616 nr,
676 4556 715 4616 89,
730 4555 783 4604 huo
800 4555 944 4619 pertineam
963 4569 1065 4605 summe
1078 4560 1165 4614 temen
1181 4553 1232 4607 loci
1250 4555 1354 4611 verbnm
1370 4554 1471 4605 finitum

198 4625 344 4688 praecedere
355 4624 475 4674 debuisse
490 4625 604 4674 indicere
617 4625 730 4675 videtur.
744 4625 829 4676 Locus
842 4640 903 4675 vero
916 4626 977 4690 Jug.
990 4629 1064 4686 mm,
1073 4632 1207 4688 preterea
1217 4633 1278 4686 eto,
1288 4626 1471 4692 specioseten·

197 4704 251 4744 tum
266 4696 316 4746 hue
331 4695 483 4745 referendus
497 4705 545 4755 est,
559 4696 602 4747 ubi
619 4695 839 4749 verbumdnitum
854 4702 963 4761 propter
975 4696 1185 4761 conjunctionem
1200 4712 1260 4747 cum
1271 4697 1352 4747 verbo
1364 4709 1469 4761 compe·

196 4770 251 4816 rior
264 4766 381 4830 perfecto
395 4764 516 4822 infinitivi
532 4773 646 4830 positum
658 4776 706 4816 est.
