3314 5526
721 402 917 462 -198-

182 547 338 635 nrsbujus
346 545 527 630 exemplum
536 544 642 612 inveni
654 546 744 630 :lup
756 545 812 626 34,
825 547 880 627 44,
889 544 1049 634 itaquam
1060 545 1199 634 quisque
1204 566 1362 636 pessume
1367 547 1460 636 fecit,

181 669 250 724 tam
258 672 417 722 maaame
427 662 516 718 nctus
525 661 588 729 est3
598 653 881 721 conterendumest
892 666 997 720 tamen
1007 654 1087 720 llist.
1102 675 1125 732 1,
1138 655 1193 732 45,
1204 655 1260 731 al,
1273 651 1462 744 quiduspc·

180 761 423 853 tescctrsquom
434 756 639 846 formidatus
648 770 707 840 est,
718 770 788 827 tam
797 771 1035 840 contemnetur,
1049 760 1105 827 ubi
1122 761 1343 848 superlativus
1357 761 1458 829 deest.

223 872 258 939 C.
282 903 328 920 -
348 869 528 934 Ειιιιιιοιιιι
549 874 796 942 coussouuarru.

223 980 258 1047 ln
288 970 472 1043 marciatis
503 971 741 1060 consequentia
767 992 875 1061 quum·
896 973 1068 1041 Sallustius
1095 974 1261 1059 vulgarem
1289 993 1390 1042 usam
1413 973 1460 1041 lo-

179 1082 298 1177 quendi
324 1088 449 1149 seculus
472 1077 525 1157 sit,
552 1078 634 1145 nibil
660 1079 816 1167 estquod
838 1081 983 1166 exempla
1007 1081 1218 1168 proferamus.
1243 1081 1311 1148 Hoc
1332 1088 1461 1149 tautum

180 1190 361 1263 notabimus
380 1184 551 1274 aliquoties
570 1206 612 1251 ae
629 1206 688 1272 pro
710 1187 875 1254 usitatiore
890 1185 1015 1254 nedum
1030 1208 1049 1254 a
1067 1186 1222 1254 Sallustio
1237 1187 1410 1274 usurpari,
1425 1188 1457 1255 in

180 1294 360 1370 enunciatis
376 1293 497 1380 pariter
517 1294 725 1360 consecutivis
743 1304 774 1360 ct
793 1293 944 1361 finalibus
964 1294 1032 1373 ubi,
1051 1293 1151 1380 priori
1172 1293 1411 1380 significatione
1424 1294 1463 1363 de

181 1416 277 1485 torta,
297 1402 476 1469 affirmatur
500 1419 568 1467 rem
593 1400 735 1486 aliquam
757 1403 860 1468 multo
881 1401 989 1468 minus
1009 1401 1106 1469 etiam
1129 1420 1226 1487 quam
1250 1421 1463 1488 praegressam

182 1514 250 1585 fieri
268 1528 371 1600 posse,
386 1517 422 1573 ul
437 1508 505 1573 Cat.
525 1509 579 1588 ll,
595 1508 629 1588 8,
647 1506 769 1598 quippe
782 1506 931 1575 acetruda
946 1528 997 1575 res
1014 1506 1215 1596 sapientiam
1233 1507 1367 1576 anteros
1382 1507 1464 1597 fati·

179 1630 273 1713 parat,
290 1635 329 1684 ne
345 1612 398 1681 illi
410 1612 577 1702 corruptis
591 1612 738 1681 moribus
753 1614 897 1682 victomae
908 1626 1141 1704 temperarent,
1153 1616 1208 1682 ubi
1226 1614 1320 1702 pauci
1335 1615 1463 1683 codices

180 1726 303 1798 tudam
322 1723 454 1798 babent,
478 1730 508 1787 et
528 1722 618 1807 prius
639 1723 817 1789 membrum
839 1723 1039 1810 negationem
1061 1724 1210 1789 latentem
1231 1722 1389 1802 continet,
1407 1723 1463 1790 sed

182 1837 316 1903 formam
328 1827 562 1896 affirmativam.
577 1828 625 1894 Cf.
639 1828 719 1894 llist.
738 1850 773 1908 11,
790 1816 851 1895 ll':
865 1830 1009 1896 Donatus
1024 1829 1064 1896 ad
1079 1831 1151 1896 Ter.
1168 1828 1269 1895 Andr.
1280 1848 1326 1907 rr,
1341 1830 1377 1907 2,
1395 1829 1460 1896 23:

186 1970 199 2005 ι
217 1943 268 2011 Ne
283 1964 298 2001 ιι
313 1957 378 2027 pro
398 1961 410 1996 ι
428 1931 551 2000 aedom
569 1961 581 1994 »
600 1946 662 2001 cat
670 1933 865 2002 adverbium
875 1947 924 2002 est
930 1934 1147 2024 prohiberetis,
1159 1946 1199 2002 ut
1210 1934 1253 2001 sit
1265 1961 1278 1996 s
1292 1956 1336 2001 ne
1343 1955 1417 2003 aare
1430 1961 1461 2002 ιι.

181 2043 361 2118 Sallustius
382 2039 525 2108 secundo
549 2039 665 2108 libro:
688 2043 736 2109 Ne
754 2064 821 2109 ιιιι
839 2064 939 2110 aluno
957 2065 1046 2110 ιιιιιι
1065 2064 1146 2119 stur,
1164 2063 1228 2132 pro
1251 2039 1414 2109 «nedum
1434 2070 1461 2109 ι.

183 2151 375 2225 liestrictivae
391 2158 498 2215 autem
512 2147 755 2235 significationis
769 2151 898 2216 nullum
915 2151 1096 2236 exemplum
1111 2149 1232 2216 inveni.

226 2262 265 2328 D.
280 2291 326 2308 -
339 2256 420 2335 Quis
441 2255 474 2321 in
494 2254 675 2322 modalibus
698 2257 874 2323 enuntiatis
889 2257 976 2345 apud
990 2256 1134 2324 Tacitum
1152 2255 1363 2324 audacissime
1383 2276 1465 2351 con·

107 2378 114 2391 “
182 2374 337 2439 structum
365 2362 523 2444 occurrit3
549 2363 636 2449 apud
664 2363 855 2430 Sallustium
879 2385 954 2430 vero
977 2365 1045 2431 haec
1075 2364 1238 2431 notatione
1263 2348 1363 2449 digna
1392 2363 1464 2429 visa

182 2485 258 2545 suut
278 2495 285 2537 :
306 2471 379 2554 lug.
398 2468 453 2547 40,
469 2470 502 2548 2,
518 2468 678 2557 weuram
696 2482 810 2560 aperte
831 2472 977 2538 resistere
999 2492 1067 2538 noa
1085 2468 1335 2560 poterantquin
1353 2467 1420 2537 illa
1433 2480 1466 2537 et

183 2580 252 2652 alia
268 2576 352 2645 talia
369 2574 502 2664 placere
513 2575 577 2643 sili
588 2576 793 2664 faterentur3
815 2580 884 2646 Cat.
902 2579 958 2657 53,
975 2578 1008 2658 6,
1023 2598 1108 2666 quos
1122 2576 1283 2666 qnoniam
1296 2597 1349 2643 res
1363 2575 1464 2645 obtu-

183 2690 279 2767 lerat,
298 2682 426 2750 silentio
448 2683 611 2768 praeterire
633 2705 700 2750 aare
717 2683 790 2773 fuit
806 2684 992 2766 consiliam,
1007 2684 1088 2774 peria
1107 2683 1280 2772 utriusque
1296 2693 1464 2750 naturam

182 2808 213 2867 et
237 2812 355 2872 mores,
383 2801 548 2878 pacatam
575 2789 707 2880 capereto
727 2813 874 2881 possem,
902 2791 1081 2884 aperirem,
1107 2793 1161 2859 ubi
1184 2793 1265 2880 pala
1293 2790 1336 2858 ad
1358 2792 1463 2859 rerba

182 2924 248 2972 reon
259 2897 431 2989 praeterire
446 2907 569 2965 lantum
588 2899 682 2965 modo
701 2900 813 2966 referri
839 2900 1083 2986 possevidatur,
1104 2899 1239 2985 ideoque
1260 2897 1463 2986 negligentia

182 3021 271 3080 ortus
291 3007 494 3093 pleonasmus
509 3016 568 3085 est,
585 3017 616 3072 et
630 3005 747 3092 duplex
762 3008 954 3074 constructio
975 3006 1185 3093 agnoscenda,
1206 3026 1308 3093 quum
1326 3002 1463 3073 silentio

182 3139 248 3189 ‚aon
262 3110 432 3204 praeterire
458 3113 522 3179 vim
538 3113 738 3181 affirmativae
752 3115 919 3181 sententiae
934 3115 1061 3181 habeat.
1084 3114 1241 3181 Similiter
1258 3114 1329 3180 Cat.
1350 3113 1410 3192 30,
1426 3114 1461 3193 4,

182 3243 286 3313 nepotc
301 3217 377 3298 illis,
395 3218 456 3308 qai
468 3219 642 3313 victoriam
658 3219 773 3310 adepti
787 3221 911 3309 foreat,
932 3220 1058 3288 diutius
1076 3242 1116 3288 ea
1136 3221 1182 3288 uti
1200 3220 1353 3297 licuisset,
1375 3219 1464 3309 quire

182 3326 318 3420 defessis
336 3338 369 3393 et
381 3326 589 3416 eranquidam
607 3327 757 3418 periples
769 3339 881 3417 posset
898 3327 1075 3416 imperium
1089 3339 1189 3416 atque
1202 3326 1389 3394 libertatem
1403 3348 1464 3394 ea·

183 3445 365 3526 torpueret;
383 3433 463 3500 adde
483 3435 564 3501 Hist.
582 3457 631 3516 ιιι,
647 3436 702 3516 37,
718 3456 785 3501 raon
800 3447 836 3500 tu
850 3434 924 3517 scis,
940 3434 971 3501 si
987 3455 1068 3523 quas
1081 3433 1161 3502 cedis
1179 3434 1265 3523 ipnis
1278 3433 1364 3523 cepit
1374 3433 1463 3501 acri·

183 3560 242 3622 ter,
259 3562 327 3608 nort
334 3539 454 3629 faciles
466 3551 542 3608 sant
555 3540 687 3608 deieusu
699 3540 782 3630 puin
797 3540 1234 3632 conabarartturproaumu,
1246 3540 1302 3609 ubi
1313 3541 1464 3628 asupiuo

183 3650 299 3742 pendet
314 3667 451 3733 sequens
463 3649 679 3716 enunciatum.

224 3761 383 3825 Praeterea
400 3753 482 3842 pain
499 3775 556 3841 pro
575 3754 642 3822 imo
658 3756 775 3842 legitur
791 3756 823 3821 in
838 3755 987 3823 Historiis
1005 3778 1013 3822 :
1031 3777 1054 3838 ι,
1072 3756 1127 3833 45,
1146 3757 1185 3836 0;
1206 3776 1230 3837 ι,
1246 3755 1305 3835 46;
1321 3774 1346 3835 ι,
1363 3755 1423 3836 54,
1442 3756 1466 3823 8

181 3877 214 3936 el
227 3866 288 3943 203
309 3883 344 3941 11,
361 3862 417 3943 50,
433 3863 466 3929 3.
734 3863 736 3866 ‘

793 4041 844 4108 ΙΙΙ.

619 4244 621 4248 “
668 4235 800 4294 Causalia
814 4235 975 4294 enunciata.

225 4399 263 4468 l.
286 4435 328 4447 -
349 4399 429 4465 Cum
448 4397 628 4467 dedicativo
644 4409 810 4487 sequentes
827 4398 993 4486 particulae
1005 4397 1198 4485 jungantur:

225 4507 278 4589 Eo
293 4503 384 4593 quod
399 4506 483 4594 apud
506 4506 697 4574 Sallustium
712 4527 775 4572 nan
790 4517 913 4574 exstare
927 4505 1071 4586 videtur3
1088 4515 1121 4572 at
1134 4526 1175 4571 ea
1186 4503 1300 4594 pratia
1313 4539 1360 4557 -
1373 4512 1468 4594 quod

183 4616 347 4683 iuvenitur
364 4617 434 4702 lug.
454 4617 509 4697 54,
536 4617 573 4694 4;
599 4615 655 4695 80,
682 4615 718 4693 4;
737 4635 773 4680 eo
792 4613 900 4703 mapis
921 4648 967 4664 -
985 4610 1085 4703 quod,
1104 4612 1175 4680 Cat.
1202 4614 1235 4692 4,
1254 4614 1292 4694 23
1307 4613 1381 4700 lug.
1403 4615 1464 4696 22,

185 4725 200 4791 l
213 4748 222 4804 ;
237 4743 275 4789 eo
296 4726 340 4807 (et
354 4723 602 4812 comparativus)
614 4758 659 4773 -
672 4719 774 4811 quod,
789 4723 862 4810 lug.
884 4722 940 4800 64,
961 4722 982 4788 4
988 4745 999 4804 ;
1016 4721 1070 4800 78,
1088 4721 1120 4787 4.
