3314 5526
734 385 930 444 —2l9—

192 544 302 599 nostra
323 542 563 613 cruentaverat,
582 531 636 599 ubi
654 550 709 617 per
727 530 918 608 seutentiam
941 531 1108 598 relativam
1127 531 1262 618 scriptor
1275 532 1413 618 assurgit
1429 531 1467 598 ad

191 661 321 708 eausam
335 641 405 727 ejus
424 641 468 705 rei
485 659 583 725 quam
600 659 655 725 per
669 639 872 725 participium
891 639 1045 705 indicavit
1066 639 1088 703 ¹.
1196 722 1198 728 Ι

237 748 301 814 Ε444
321 748 381 813 hoo
407 748 438 812 in
459 767 573 831 genere
594 745 738 812 liberiori
759 744 853 810 modo
879 765 951 811 eum
977 746 1146 832 participio
1171 746 1237 811 alia
1253 745 1470 812 additamenta

191 855 342 943 conjungi
369 863 511 939 possunt,
531 864 636 918 tamen
658 853 831 918 nonnullas
852 851 1007 939 ejusmodi
1031 853 1269 937 conjunctiones
1293 854 1470 920 Sallustius

192 982 323 1048 prorsus
333 961 443 1038 evitat,
461 971 496 1026 ut
509 962 719 1026 obseurnmet
733 959 921 1045 impeditum
935 979 1113 1025 sermonem
1123 960 1234 1045 fugiat.
1250 987 1264 1022 4
1277 961 1470 1047 deprimam

191 1069 333 1156 quidem,
345 1069 370 1133 si
388 1090 406 1133 a
422 1068 616 1133 nominativo
627 1087 701 1132 casu
717 1066 912 1144 discesseris,
925 1076 1068 1132 accurate
1082 1086 1232 1152 respuere
1246 1067 1372 1133 videtur
1387 1054 1469 1133 fianc

193 1176 347 1242 orationis
367 1176 513 1252 formam,
537 1184 573 1240 ut
591 1174 654 1239 dno
669 1173 851 1259 participia,
868 1193 1006 1259 quocum
1026 1175 1163 1240 alterum
1177 1174 1293 1240 habeat
1307 1174 1467 1259 adjectivi,

193 1284 329 1350 alterum
342 1283 429 1347 verbi
450 1279 849 1366 significationemeodem
869 1301 943 1346 casu
961 1281 1062 1365 posito
1075 1280 1309 1367 juxtacolloeet
1327 1307 1354 1360 r,
1367 1281 1467 1346 veluti

192 1391 273 1455 Hist.
290 1410 332 1466 iv,
351 1389 404 1466 49,
423 1389 476 1464 43,
491 1386 654 1453 abnuente
669 1387 822 1474 Tt'praae,
840 1386 899 1474 qui
911 1408 986 1452 mea
999 1386 1088 1452 dicta
1101 1409 1173 1453 sere
1182 1386 1306 1477 prodat
1322 1388 1375 1473 (el.
1393 1389 1409 1453 J
1415 1409 1465 1474 ug.

193 1498 247 1576 39,
269 1498 322 1578 5);
340 1506 371 1560 44
385 1498 575 1580 contralug.
594 1496 648 1572 49,
667 1496 699 1560 5.
716 1495 794 1559 ltem
809 1495 998 1560 sententiam
1009 1495 1174 1560 relativam
1189 1495 1332 1573 adhibet,
1350 1495 1404 1560 ubi
1420 1515 1469 1560 ca·

193 1604 333 1670 vandum
348 1613 394 1668 est
409 1622 449 1667 ne
465 1601 503 1668 ad
520 1602 726 1688 participium
742 1600 892 1667 accedant
905 1601 1104 1667 substantiva
1117 1603 1164 1666 vel
1182 1600 1336 1687 adjectiva
1356 1601 1466 1666 eodem

193 1731 269 1776 casu
283 1711 385 1795 posita
396 1733 404 1788 ;
417 1709 622 1794 excipiuntur
634 1719 737 1774 tamen
753 1709 970 1773 nominativus
984 1717 1015 1774 et
1030 1709 1243 1773 aecusativus:
1260 1709 1330 1793 lug.
1346 1709 1421 1785 403,
1434 1709 1467 1783 2,

193 1815 235 1882 44
252 1816 328 1882 aliis
344 1815 472 1896 amicis,
484 1836 565 1903 quas
580 1814 792 1902 inconceptus
805 1813 1182 1902 tttpztrttarettqaeraa
1199 1816 1238 1880 el.
1252 1816 1333 1880 Hist.
1352 1836 1393 1892 iv,
1414 1815 1468 1893 ll),

192 1925 229 2004 93
254 1947 275 2003 ι,
295 1925 350 2003 45,
370 1925 430 2002 tt3
450 1934 482 1988 at
499 1933 609 1988 contra
634 1924 703 1988 Cat.
727 1923 781 2000 44,
799 1923 832 2001 2,
850 1921 1030 2009 pecaniam
1044 1943 1107 1986 saa
1130 1932 1191 1987 aut
1204 1921 1389 1987 anticorum
1402 1919 1470 2008 fiale

191 2042 358 2118 sttmptaat
369 2041 522 2096 mutuant
532 2027 676 2096 Faesulas
687 2027 734 2094 ad
744 2026 910 2095 Manlium
923 2026 1090 2115 qttercdam
1100 2041 1237 2116 portare
1256 2029 1309 2111 (cl.
1327 2029 1343 2094 J
1348 2049 1399 2113 ug.
1413 2029 1468 2107 47,
1554 2108 1557 2113 ⁸

194 2139 245 2223 l);
267 2159 338 2223 quae
353 2137 494 2222 exceptio
509 2136 581 2202 inde
596 2137 753 2202 rationem
768 2136 875 2216 babet,
887 2135 974 2222 quod
987 2135 1169 2201 bisduobos
1185 2136 1310 2200 casibus
1329 2135 1469 2222 legitime

192 2245 431 2331 ponuntu-rduo
447 2244 577 2326 nomina
592 2264 663 2330 quae
681 2243 805 2308 interse
823 2241 1123 2327 peroppositionem
1137 2252 1358 2328 aggregantur.
1383 2266 1397 2302 4
1415 2244 1470 2306 94-

193 2352 291 2437 nique
309 2351 511 2437 participium
533 2370 596 2415 non
612 2349 795 2428 adhibetur,
817 2368 917 2435 quum
932 2369 1047 2416 nomen
1061 2349 1146 2434 quod
1164 2348 1407 2414 describendum
1422 2358 1470 2413 est

188 2468 394 2545 comparatur
409 2477 480 2523 eum
495 2459 595 2522 altero
612 2457 752 2534 nomine,
776 2455 874 2521 veluti
895 2456 975 2520 Hist.
999 2477 1022 2536 1,
1048 2457 1102 2533 45,
1119 2456 1152 2534 9,
1168 2454 1280 2542 itaque
1300 2453 1358 2520 t'lla
1378 2454 1469 2540 pat'es

189 2575 222 2630 et
236 2565 340 2630 otium
364 2586 439 2630 etant
466 2562 627 2644 libertate,
653 2583 734 2650 qaae.
753 2561 854 2627 ntttltt’
869 2561 969 2650 prodi
987 2563 1203 2651 potiusquam
1228 2559 1376 2627 turbarem
1391 2583 1467 2626 attat

185 2670 369 2763 ,bonoribus
383 2668 606 2759 capessebant,
626 2668 721 2735 atella
740 2680 815 2734 sent
829 2669 851 2734 ².
873 2694 887 2729 a

232 2780 268 2845 B.
291 2769 339 2869 .··
357 2779 532 2844 Praetorem
556 2798 612 2843 roo
636 2797 850 2845 suaseramus
876 2796 985 2841 444444
1001 2775 1024 2840 ³.

232 2887 333 2965 Quem
350 2885 533 2951 admodum
549 2883 716 2968 adjectiva,
738 2886 850 2949 saltem
870 2903 907 2948 eo
923 2903 1005 2968 quae,
1024 2896 1140 2969 praeter
1160 2892 1243 2948 nota
1257 2881 1466 2968 significatio-

190 3012 275 3071 nem,
293 2992 389 3058 simul
404 3002 524 3058 eertum
545 2991 677 3077 aliquod
698 3011 805 3056 rerum
821 3002 876 3056 aut
900 2989 1066 3055 bominum
1089 3009 1188 3073 genus
1208 2989 1293 3075 quod
1314 2989 1372 3054 illa
1392 3000 1467 3055 nota

191 3099 313 3184 insigne
330 3108 376 3164 est
391 3097 675 3182 comprehendunt,
693 3097 768 3163 item
782 3097 859 3163 satis
871 3117 952 3181 saepe
969 3096 1098 3162 adhibet
1108 3096 1281 3178 Sallustius
1299 3096 1467 3182 partieipia

191 3226 246 3291 pro
271 3205 492 3281 substantivis,
519 3206 573 3290 qui
601 3225 689 3282 usus,
720 3203 1012 3289 apudfliceronem
1036 3223 1241 3291 nequaquam
1268 3203 1464 3288 infrequens,

190 3312 276 3399 apud
293 3313 417 3377 bivium
433 3321 464 3377 et
481 3311 639 3396 imprimis
660 3311 744 3398 apud
765 3310 907 3376 Tacitum
928 3310 1080 3376 latissime
1097 3320 1194 3397 patet.
1210 3312 1271 3376 Nec
1291 3330 1400 3376 verum
1421 3321 1467 3374 est

189 3420 220 3486 id
234 3419 321 3505 quod
337 3421 514 3503 Draegerus
530 3419 622 3500 (Hist.
641 3418 731 3504 Synt.
749 3438 779 3503 p.
802 3418 858 3502 ll)
877 3417 996 3490 docuit,
1013 3418 1052 3483 ab
1069 3408 1196 3483 auctore
1212 3427 1319 3483 nostro
1336 3415 1465 3502 partici-

191 3527 244 3613 pia
258 3525 444 3593 masculina
459 3525 731 3592 substantivorum
747 3526 815 3591 loco
828 3545 891 3590 non
910 3525 997 3611 poni,
1011 3535 1046 3591 ut
1058 3545 1095 3590 ex
1110 3525 1264 3610 exemplis
1280 3525 1380 3608 liquet
1394 3544 1466 3610 quae

188 3644 385 3720 sequuntur;
411 3643 549 3698 attamen
574 3632 613 3699 de
634 3633 791 3718 singulari
826 3651 959 3698 numero
984 3632 1067 3698 illud
1091 3633 1244 3699 affirmari
1266 3652 1356 3717 posse
1375 3629 1466 3696 vide-

191 3751 243 3807 444
259 3739 281 3804 ⁴.

235 3867 268 3911 a.
291 3881 335 3896 -
352 3845 527 3932 Participia
542 3843 729 3911 masculina
749 3845 885 3932 pluralis
900 3846 1038 3912 numeri.

239 3955 272 4018 l⁰
290 3954 492 4019 Paarrenuuu
507 3972 675 4017 raarearrr
691 3973 804 4017 4444444
819 3954 957 4018 occurrit
975 3976 983 4018 :
1006 3954 1075 4020 Cat.
1095 3953 1149 4031 l8,
1165 3952 1185 4017 8
1201 3962 1232 4018 et
1246 3953 1327 4017 llist.
1346 3973 1393 4030 111,
1410 3951 1465 4031 69,

192 4063 325 4139 armati;
344 4061 415 4144 lug.
433 4060 490 4139 94,
507 4060 540 4138 5,
561 4057 672 4124 cuncti
695 4059 826 4167 armati3
846 4060 919 4146 dog.
946 4060 1000 4137 26,
1030 4060 1062 4137 3,
1090 4060 1220 4126 armatis
1246 4057 1366 4145 (dat.);
1392 4060 1462 4143 lug.

219 4232 242 4277 l.
263 4227 307 4276 Sic
321 4227 374 4275 lere
390 4225 463 4283 Lilia,
479 4225 497 4276 l.
511 4225 530 4275 4.
546 4241 572 4289 p.
590 4227 671 4276 49-24.

219 4302 242 4348 2.
262 4297 377 4353 44444,
391 4313 417 4361 p.
430 4299 468 4346 aa.

219 4371 243 4419 3.
262 4369 301 4418 Cf.
321 4369 474 4418 Anschuetz.
488 4368 592 4418 selecta
606 4369 696 4430 capita
714 4365 747 4417 de
761 4367 875 4431 Spataat'
894 4366 1071 4426 Sallustiana,
1093 4383 1117 4432 p.
1134 4371 1163 4419 44
1179 4383 1236 4433 sqq.
1258 4368 1333 4432 eujus
1357 4365 1465 4426 indices,

188 4445 309 4490 accurate
324 4439 426 4502 quidem
441 4437 598 4502 recognitos,
610 4444 636 4486 et
650 4436 739 4500 aliqua
751 4453 781 4486 ex
794 4446 867 4502 parte
880 4445 970 4486 auctos
983 4439 1026 4488 hie
1039 4438 1187 4488 referimus.

219 4514 242 4561 4.
262 4513 333 4562 Unus
345 4511 456 4559 fortasse
477 4510 550 4575 lopus
563 4507 729 4572 excipiendos
740 4517 787 4571 444,
801 4511 857 4560 Cat.
873 4512 912 4568 36,
927 4512 950 4570 5,
964 4523 1078 4574 namque
1092 4509 1193 4561 duobus
1207 4517 1290 4564 senati
1305 4515 1418 4567 decretis
1432 4529 1465 4565 ea

185 4585 262 4635 tanta
277 4582 453 4633 multitudine
464 4594 546 4645 aeque
555 4582 663 4644 premio
680 4579 800 4629 inductus
811 4581 1029 4642 conjurationem
1044 4581 1218 4646 patefecerat,
1231 4597 1314 4647 neque
1327 4601 1360 4636 ea
1370 4591 1465 4638 tastris

187 4654 307 4706 Cattttne
320 4653 465 4718 qaisquam
479 4655 597 4702 omnium
620 4650 783 4710 discesserat,
800 4651 842 4700 ubi
858 4659 952 4711 tamen,
969 4652 1029 4702 lieet
1045 4652 1150 4701 insolita
1166 4655 1368 4716 construetione,
1385 4658 1463 4721 parti-

188 4724 285 4790 cipium
299 4725 332 4772 44
347 4737 456 4787 sequens
471 4737 612 4787 pronomen
628 4721 769 4786 qaisquam
781 4722 875 4772 reterri
886 4723 977 4786 possit.
