3314 5526
643 441 839 502 —253-

101 592 280 660 Dietsclrius
299 602 471 656 retrectatus
499 591 704 678 participium
728 611 795 658 esso
815 602 846 657 et
863 590 1055 678 promiserit
1072 612 1110 658 er
1127 591 1286 680 promisit
1304 613 1376 678 sup·

85 701 255 787 'plendum
266 711 383 778 censet,
399 718 471 783 quse
486 699 680 764 constructio
690 698 776 783 apud
786 699 930 764 Tacitum
941 698 1199 785 frequentissima
1212 709 1271 779 est,
1282 700 1379 765 elia'm

101 807 156 872 ubi
187 805 231 871 sit
255 805 345 890 (sint)
365 806 451 870 solus
476 805 544 870 sine
569 804 737 890 participio
762 803 911 892 adjuncto
931 814 1121 888 usurpatum
1143 805 1195 871 sit.
1222 805 1381 872 Similiter

100 924 181 979 esset
196 914 348 978 omissum
367 920 414 977 est
436 913 464 976 J.
490 912 546 990 53,
572 913 605 990 7,
630 922 662 976 et
681 932 777 998 poene
801 909 1015 1000 inprudentia
1041 910 1222 978 admissum
1243 911 1380 1000 facinus

101 1017 300 1096 miserabile,
317 1017 354 1082 ni
367 1017 535 1104 utrimque
547 1016 722 1106 praemissi
739 1017 862 1104 equites
880 1039 949 1083 rem
969 1016 1228 1106 eaploraoissertt
1244 1019 1266 1083 ¹.

148 1129 181 1191 t⁰
203 1128 285 1190 Juro
301 1125 408 1190 deesse
422 1125 550 1190 videtur
573 1125 643 1210 lug.
662 1125 717 1202 85,
738 1127 794 1203 27,
816 1145 896 1189 ream
915 1145 967 1190 me
991 1122 1123 1211 quidem
1140 1110 1180 1190 eu
1194 1124 1301 1190 animi
1317 1124 1384 1191 mei

99 1231 260 1297 sententio
274 1228 369 1296 usella
384 1231 490 1296 oratio
507 1228 624 1296 ledere
633 1241 756 1319 potest3
773 1232 813 1296 cl.
832 1231 899 1297 niv.
920 1232 974 1306 tt,
993 1232 1051 1311 153
1067 1233 1123 1309 22,
1139 1232 1194 1298 53.

148 1340 182 1404 50
205 1339 346 1404 Verbum
361 1335 556 1403 declarandi
568 1359 606 1404 ex
624 1339 719 1404 verbo
732 1358 915 1423 praegresso,
933 1338 1026 1403 solito
1041 1358 1141 1418 more,
1158 1336 1213 1405 sed
1228 1339 1382 1405 audacius

103 1445 277 1522 interdum,
295 1445 538 1528 intelligendum
557 1454 616 1523 est,
635 1445 719 1530 quud
735 1445 866 1530 quidem
884 1445 1082 1511 substantivo
1102 1445 1200 1512 etiam
1223 1447 1379 1512 contineri

104 1563 217 1639 potest,
235 1573 284 1617 ex.
302 1572 350 1637 gr.
368 1576 375 1616 :

150 1658 274 1741 Queri:
297 1660 366 1725 Cat.
386 1658 439 1732 13,
458 1659 490 1737 3,
515 1657 677 1746 Cethequs
691 1679 820 1746 semper
834 1656 1033 1744 querebatur
1058 1656 1099 1724 de
1118 1657 1383 1746 190000000σί0-

102 1788 200 1831 rum:
219 1762 294 1830 illos
311 1762 495 1830 dubitando
511 1777 542 1828 rt
557 1763 625 1831 dies
634 1762 840 1854 prolatando
860 1785 1000 1851 moqrtas
1019 1765 1287 1853 opportunitates
1305 1787 1383 1831 cou-

103 1893 269 1962 rumpere.

147 1977 348 2066 Deprecari:
365 1979 393 2044 l.
423 1979 498 2056 tut,
526 1981 557 2055 t,
579 1989 764 2066 postquam
790 1999 915 2044 errasse
938 1999 1049 2065 reqem
1069 1989 1101 2044 et
1119 1977 1292 2067 Juqurtltee
1314 2001 1384 2044 see-

103 2085 169 2153 lere
188 2085 322 2175 lapsum
341 2083 509 2173 deprecati
522 2095 609 2164 suut,
633 2085 664 2150 id
684 2076 743 2163 est,
768 2082 909 2150 diceutes
928 2082 1097 2172 deprecati
1112 2096 1190 2149 suut
1211 2086 1380 2173 (Marcou),

103 2193 157 2260 ubi
177 2193 282 2279 potius
300 2193 476 2277 praegnanti
489 2212 582 2256 sensu
599 2191 844 2277 intelligendum
863 2203 909 2256 est
929 2189 1130 2278 deprecandi
1144 2212 1248 2257 causa
1262 2193 1310 2258 vel
1327 2191 1384 2258 de·

104 2311 278 2389 precautes
293 2297 459 2364 elt‘aerurtt.

150 2403 324 2472 Pos'tulare
338 2428 344 2469 :
357 2405 389 2470 C.
405 2405 459 2480 31,
483 2406 515 2483 7,
534 2402 738 2469 Catilt'rta-
752 2402 924 2492 postulare
944 2427 964 2468 o
978 2403 1133 2491 patribus
1149 2405 1248 2494 coepit
1262 2405 1387 2495 nequid

105 2511 192 2577 dese
207 2524 326 2577 temere
341 2509 528 2589 crederout3
544 2531 583 2575 ea
595 2509 732 2598 seruilia
748 2522 869 2588 ortum,
886 2522 960 2576 etc..

149 2617 326 2684 Polliceri:
349 2619 383 2683 C.
416 2619 471 2695 21,
499 2619 572 2682 2et
604 2619 635 2694 3,
663 2629 732 2681 tum
762 2616 909 2682 Catilina
921 2614 1079 2705 polliceri
1101 2615 1232 2684 tabulas
1268 2641 1382 2701 uooos,

103 2723 378 2814 proscriptionem
404 2722 615 2811 locrrpletium
637 2760 692 2788 -.
721 2726 884 2789 Praeterea
905 2745 970 2789 esse
990 2723 1024 2788 iu
1050 2723 1212 2812 Hispania
1236 2724 1385 2792 citeriore

107 2832 273 2898 Pisonem.

151 2936 324 3003 Promissis
352 2958 501 3014 operare,
527 2936 714 3026 impellere:
738 2938 766 3003 J.
786 2939 839 3016 12,
858 2944 892 3016 3,
909 2957 1007 3024 quem
1031 2935 1086 3011 ille
1101 2959 1179 3002 casu
1194 2937 1382 3005 ministrum

105 3043 254 3111 oblatum
260 3043 437 3131 promissis·
447 3054 563 3107 orterat
577 3041 794 3131 impellitque,
808 3043 859 3108 uti
868 3080 913 3093 -
923 3054 987 3123 eat,
1000 3080 1045 3093 -
1051 3056 1151 3131 paret
1162 3065 1226 3127 -,·
1240 3058 1381 3111 ceterum

105 3151 164 3216 ubi
177 3172 227 3215 res
238 3149 433 3238 postularet,
450 3170 483 3213 se
496 3149 604 3235 ipsum
619 3171 694 3214 cum
712 3170 837 3236 maqua
855 3171 959 3215 mortu
978 3160 1165 3216 periturum.

150 3260 296 3324 Portare:
327 3258 355 3322 J.
383 3258 435 3332 17,
468 3257 500 3334 3,
540 3255 573 3318 iu
603 3252 763 3321 diuisione
787 3254 874 3321 orbis
900 3266 1007 3335 terrae,
1031 3255 1188 3345 plerique
1225 3258 1260 3323 iu
1286 3271 1383 3347 parte

108 3364 206 3431 tertia
220 3361 375 3448 Africam
382 3383 537 3452 posuere,
551 3359 656 3449 pauci
669 3373 799 3426 tautum
818 3360 916 3427 modo
935 3362 1050 3429 Asiam
1066 3375 1096 3428 et
1114 3365 1288 3453 Europam
1303 3387 1381 3432 esse.

146 3469 269 3558 ¹Leqati
283 3481 433 3535 orumes:
451 3471 479 3535 J.
507 3470 563 3544 77,
588 3470 619 3548 1,
643 3465 701 3532 sed
714 3467 848 3556 pariter
869 3491 943 3535 cum
966 3481 1064 3558 copta
1090 3469 1195 3537 Tltala
1224 3469 1326 3561 leqati
1345 3494 1385 3538 ea

112 3575 234 3667 oppido
252 3575 348 3664 Lepti
358 3573 405 3640 ool
414 3573 584 3640 Metellum
600 3584 897 3640 uerteramtorautes
912 3575 963 3640 uti
971 3574 1166 3664 presidium
1172 3579 1384 3667 prefectum·

110 3705 173 3771 quo
188 3705 225 3749 eo
236 3682 388 3748 mitteret:
403 3680 630 3747 Hamilcarem
645 3680 823 3768 quendam,
838 3680 1006 3748 domitiam
1020 3681 1177 3762 nobilem,
1190 3684 1383 3773 factiosum,

107 3790 200 3856 uocis
218 3788 315 3856 rebus
333 3785 474 3854 studere,
514 3842 517 3847 .

152 3895 305 3962 Litteree:
324 3896 352 3961 J.
370 3896 425 3972 25,
453 3895 485 3973 5,
513 3892 588 3960 deire
613 3892 705 3959 breui
734 3894 863 3960 Uticam
886 3892 1023 3984 adpulsi
1044 3894 1171 3961 litteras
1192 3895 1240 3962 oo
1260 3901 1387 3985 lupur-

109 4003 202 4069 tlram
215 4002 362 4080 mittunt,
383 4023 484 4088 quam
499 4000 658 4066 ocissume
673 3999 720 4066 ad
730 4000 942 4090 prouinciam
964 3999 1116 4080 adcedat,
1134 4024 1231 4090 seque
1252 4003 1300 4069 oa'
1312 4027 1386 4071 eum

109 4109 151 4175 ab
166 4119 282 4176 screatu
298 4108 412 4173 missos
430 4107 453 4171 ².

154 4218 188 4281 6⁰
215 4215 355 4282 Verbum
381 4214 541 4279 interdum
556 4213 772 4300 supplendum
795 4226 842 4280 est
862 4216 926 4280 alio
946 4229 1087 4302 tempore
1111 4219 1159 4282 vel
1180 4218 1274 4284 modo
1294 4231 1389 4305 atque

141 4431 163 4478 1.
182 4427 260 4476 Verbi
284 4439 339 4477 esse
353 4423 443 4475 omissi
468 4425 585 4488 exemplu
608 4424 633 4472 in
651 4434 767 4474 extrema
789 4433 862 4488 parte
884 4427 1022 4490 Jugurthae
1044 4428 1124 4478 multo
1139 4429 1317 4494 frequentiora
1331 4446 1389 4480 esse

109 4515 187 4564 quem
201 4499 226 4547 iu
240 4497 350 4562 reliquis
365 4495 547 4546 animadvertit
559 4495 716 4546 Dietschius.
732 4515 744 4541 0
758 4496 872 4553 Scilicet,
887 4498 979 4561 inquit.
995 4500 1169 4562 scriptorres,
1180 4501 1214 4550 ed
1226 4516 1290 4565 quas
1301 4502 1391 4566 legen-

109 4571 175 4618 tium
198 4569 300 4618 animos
313 4568 433 4616 adtentos
449 4581 506 4616 esse
518 4566 605 4621 sciret.
626 4582 685 4615 cum
697 4566 825 4630 gravitate
837 4576 863 4615 et
877 4568 1010 4617 celeritate
1025 4570 1139 4620 scribere
1152 4572 1269 4620 animum
1284 4573 1392 4625 induxit.

109 4641 236 4690 Incertius
246 4638 374 4702 judicium
381 4653 439 4687 esse
452 4637 478 4686 in
491 4652 522 4686 en
535 4638 683 4701 parte(cap.
693 4639 776 4687 -103
788 4637 843 4699 fin.)
853 4653 931 4701 quam
943 4655 974 4688 ex
985 4641 1176 4691 recentioribus
1187 4643 1321 4694 codicibus
1329 4647 1392 4694 eolis

115 4711 285 4774 cognovimus
299 4724 350 4758 nou
360 4708 481 4759 diffiteor.
499 4727 512 4752 r

144 4795 167 4842 n.
186 4792 225 4841 ct.
243 4789 362 4846 marcos,
378 4789 438 4837 enti.
454 4789 560 4837 nastusi.
575 4804 600 4852 p.
616 4765 731 4838 oso-esu.

1220 4881 1250 4930 tn
