3314 5526
633 372 829 430 -257-

98 514 489 596 communalem,
516 518 618 585 Naso.
645 518 792 582 Ceterum
815 516 953 581 vidimus
978 537 1035 601 pro
1068 515 1218 582 adverbio
1239 516 1371 602 adjecti-

96 643 171 689 vum
185 628 302 709 s'aepea
321 624 433 689 Nostro
452 633 640 708 usurpatum
662 624 770 703 luisse,
788 623 872 710 quod
888 624 927 688 ab
948 643 1007 688 usu
1025 622 1116 688 latini
1133 625 1289 689 sermonis
1308 642 1371 689 non

96 730 239 796 alienum
253 742 311 797 est.

140 838 174 903 4⁰
190 837 309 903 Contra
328 835 513 902 adverbium
529 855 612 920 saepe
630 855 703 902 coru
720 837 817 901 verbo
836 856 903 901 esse
918 835 1065 921 junctum
1080 835 1166 921 apud
1182 835 1371 903 Sallustium

94 963 259 1010 occurrere
283 942 433 1020 vidimus,
455 955 491 1009 uc
513 943 643 1030 frastra
663 963 729 1008 esse
735 963 749 1024 ‚·
766 962 863 1029 quam
874 942 1141 1009 constructionem
1155 944 1327 1030 Herzogius
1342 955 1373 1009 et
1450 959 1454 963 ’

94 1049 314 1116 Bndstuobner
329 1049 338 1084 ¹
355 1069 426 1115 curn
451 1069 552 1135 greca
571 1058 656 1129 μάτην
669 1053 733 1109 εἶναι
749 1050 928 1127 conserunt,
951 1049 1067 1115 rectius
1090 1069 1163 1116 vero
1186 1051 1371 1116 Deltourius

96 1155 134 1240 (l.
156 1155 179 1222 l.
198 1177 230 1242 p.
256 1157 299 1222 79
321 1163 421 1242 sqq.)‚
448 1156 499 1221 cui
523 1155 702 1222 Schultzius
718 1156 839 1241 aliique
855 1156 1086 1233 assentiuntur,
1105 1155 1145 1221 ad
1160 1156 1371 1223 imitationem

94 1264 224 1330 Catonis
246 1263 403 1349 pertinere
420 1273 523 1347 putat.
543 1263 699 1329 Similiter
712 1263 777 1328 alia
793 1264 888 1348 plura
903 1262 1054 1329 adverbia
1074 1262 1224 1329 adhibuit
1244 1263 1371 1330 Sallus-

94 1371 157 1437 tius
172 1394 180 1450 ;
197 1380 380 1436 nontamen
402 1368 471 1434 ideo
487 1388 612 1434 necesse
632 1383 680 1434 est
700 1369 882 1436 Graecorum
900 1369 1110 1435 imitationem
1134 1370 1313 1436 admittere.
1331 1371 1371 1435 tlt

95 1478 128 1543 iu
147 1479 185 1543 H.
203 1499 227 1556 1,
242 1478 296 1551 45,
311 1478 343 1551 6,
361 1474 528 1564 supplicia
543 1476 577 1541 in
585 1486 666 1565 post
685 1476 821 1564 saturos
845 1475 1028 1565 cortposait,
1051 1497 1154 1562 graeca
1177 1479 1370 1545 constructio

94 1583 219 1650 admilti
237 1595 338 1669 potest
354 1593 401 1660 l:
415 1592 438 1641 oi
452 1593 539 1642 ἔπειτα
553 1594 737 1664 γενησόμενοι).

138 1694 172 1757 5⁰
189 1690 277 1773 Quia
286 1709 391 1778 neque
402 1687 496 1777 plebi
506 1689 628 1756 militia
642 1690 765 1758 volenti
773 1689 961 1780 putabatur
974 1701 1006 1755 et
1020 1691 1151 1758 Marias
1167 1704 1226 1757 otc.
1254 1693 1293 1775 (l.
1312 1693 1368 1769 eb,

94 1801 139 1882 3);
153 1820 220 1864 non
235 1809 353 1863 tam-
363 1817 465 1884 qaam
477 1795 528 1861 etti
538 1796 699 1863 militibus
709 1809 900 1886 ernqnatns
910 1818 984 1862 cam
995 1795 1194 1885 imperatore
1204 1797 1299 1864 labor
1313 1820 1369 1863 oo·

93 1904 234 1971 lentibus
257 1916 336 1971 esset
356 1905 396 1984 (l.
417 1909 492 1983 100,
512 1907 557 1987 l).
580 1905 628 1970 Cl.
651 1907 732 1971 Plat.
754 1905 900 1990 Gorgias,
922 1910 1026 1982 εἰαύτῲ
1041 1930 1070 1983 γε
1084 1911 1114 1964 ου’
1131 1911 1279 1986 βουλομένῳ
1301 1913 1370 1966 ἐστιν

94 2019 294 2096 denominandam
302 2010 445 2095 Thucyd.
455 2031 491 2088 11,
499 2010 532 2091 3,
540 2027 576 2088 τῷ
584 2018 787 2093 γὰρπλήθει-τῶν
794 2019 965 2072 Πλαταιώνού
974 2017 1122 2092 βουλομένῳ
1134 2017 1164 2078 ἦν
1172 2024 1370 2080 τῶνἈθηνοιίων

92 2127 268 2198 &plorandam
290 2118 451 2185 Demoslh.
473 2138 528 2203 pro
543 2119 615 2183 Cor.
638 2121 671 2198 5,
688 2126 718 2179 ἂν
734 2126 899 2200 βουλομένοις
913 2117 1014 2179 ἀκούειν
1030 2125 1045 2185 ἧ
1061 2133 1188 2183 τουτοισί.

136 2228 172 2293 6⁰
193 2229 274 2309 Quae
293 2223 440 2292 domines
459 2223 632 2311 reaoipant,
649 2238 767 2305 arant,
791 2223 971 2313 edificant,
988 2225 1106 2291 virtuti
1118 2226 1232 2292 omnia
1247 2240 1371 2316 parent

95 2337 142 2421 (C.
166 2337 199 2414 2,
221 2337 270 2421 7);
285 2337 324 2402 cf.
347 2355 446 2421 graece
462 2346 512 2397 ὅσοι
525 2343 658 2412 πλέουσιν,
673 2343 792 2419 ἀροῦσιν,
806 2340 987 2416 οἰκοδομοῦσι.

138 2445 173 2510 7⁰
190 2445 286 2511 Nnnc
304 2466 380 2510 vera
403 2449 442 2528 (J.
471 2448 524 2522 ll,
551 2445 607 2523 l73
629 2444 665 2511 C.
681 2446 736 2523 58,
758 2445 791 2530 5)
805 2472 842 2501 =
855 2458 899 2502 νῦν
914 2446 952 2504 δέ.

137 2551 172 2616 8⁰
187 2553 315 2617 Incerta
325 2574 389 2640 pro
404 2552 511 2632 certis,
531 2550 651 2618 bellam
667 2570 770 2638 petam
780 2571 899 2638 pacem
922 2549 1092 2615 malebant
1108 2551 1156 2635 (C.
1178 2553 1231 2628 l7,
1248 2552 1294 2635 6),
1314 2552 1365 2617 ubi

89 2678 154 2746 pro
165 2678 237 2724 aum
254 2660 349 2724 verbo
366 2659 514 2746 jungitur
528 2659 612 2746 qrrod
628 2660 693 2724 vim
707 2658 956 2743 comparativam
975 2657 1081 2733 habet,
1104 2679 1175 2723 curn
1191 2659 1303 2742 graecis
1321 2659 1366 2723 lo-

91 2765 273 2831 cutionibus
288 2767 423 2832 conferri
449 2778 549 2853 potest
568 2765 732 2852 inquibus
754 2764 918 2850 particulae
939 2770 997 2824 ἀντι
1020 2766 1070 2830 vel
1084 2776 1134 2845 πρὸ
1150 2784 1221 2830 cum
1236 2784 1367 2850 compa-

93 2871 194 2936 rativo
207 2872 325 2956 junctae
348 2873 565 2939 inveniuntur.

135 3016 169 3080 B.
191 3051 236 3063 -
250 3017 328 3081 Loca
347 3039 434 3081 vaani
458 3037 487 3080 ru
506 3037 615 3090 curans
635 3015 811 3080 oaaaoluu
828 3035 961 3078 rurru'rro
981 3035 1127 3095 abenner.

137 3141 168 3204 l⁰
184 3140 251 3205 Cat.
271 3140 303 3218 3,
321 3142 353 3217 ⁶2,
375 3138 434 3204 nbi
442 3137 482 3204 cle
496 3161 620 3226 mapna
633 3138 754 3203 virtute
768 3149 867 3224 atque
880 3136 990 3225 plaria
1011 3137 1171 3203 lariorum
1192 3158 1363 3217 memorem

91 3243 244 3332 quaesibi
261 3244 399 3332 quisque
416 3245 536 3334 facilia
557 3245 653 3332 [actu
670 3255 781 3333 putat,
807 3265 900 3331 aequa
925 3243 1036 3309 animo
1057 3242 1189 3332 accipit,
1205 3248 1309 3331 snpra
1327 3265 1367 3310 ea

90 3350 194 3418 oelnti
205 3351 282 3424 leta
299 3374 363 3441 pro
379 3351 476 3440 salsis
495 3350 596 3417 deecit.
614 3353 687 3417 Hae
704 3371 832 3436 prorsus
847 3352 1040 3416 conveniunt
1055 3372 1125 3416 curn
1141 3351 1180 3415 iis
1195 3371 1267 3435 quae
1286 3352 1367 3416 Tbu-

90 3459 216 3543 cyllldds
240 3481 281 3537 ll,
303 3460 358 3533 35,
373 3462 405 3537 ἕξ,
424 3461 521 3524 dicii:
541 3471 621 3541 μέχρι
640 3469 690 3540 γὰρ
704 3462 781 3518 τοῦδε
797 3464 898 3518 ἀνεκτοὶ
908 3467 932 3517 oi
943 3465 1041 3517 ἔπαινοί
1057 3465 1109 3517 εἰσι
1122 3468 1181 3531 περὶ
1194 3463 1284 3538 ἑτέρων
1295 3463 1367 3535 λεγό-

89 3590 159 3644 μενοι
173 3571 198 3633 ἐς
214 3571 273 3623 ὅσον
288 3571 318 3623 ἂν
333 3577 376 3623 καὶ
392 3573 468 3634 αὐτὸς
483 3573 589 3634 ἕκαστος
606 3572 692 3630 οἱηται
708 3574 794 3632 ἱκανὸς
810 3568 874 3623 εἶναι
888 3568 987 3645 δρᾶσαί
1002 3591 1028 3624 τι
1043 3572 1077 3622 ὧν
1091 3575 1197 3635 ἥκουσι,
1214 3578 1250 3642 τῷ
1266 3566 1367 3643 dirripi-

89 3667 210 3721 ὅάλλοντι
222 3668 306 3720 αὐτῶν
319 3671 467 3740 φθονοῦντες
483 3667 535 3728 idn
553 3675 596 3721 nai
610 3669 777 3723 ἀπιστοῦσιν,

134 3763 167 3825 2⁰
183 3761 250 3825 Cat.
274 3761 306 3826 9.
326 3762 357 3839 l,
379 3770 439 3825 nect
449 3759 541 3847 pulsi
560 3760 631 3825 laco
650 3758 763 3826 cedern
777 3759 853 3825 aresi
867 3771 971 3824 erant.
993 3761 1040 3826 (λ’.
1060 3760 1157 3824 Tlvuc.
1178 3779 1218 3837 ιν,
1243 3759 1318 3835 ted,
1331 3759 1364 3836 5,

89 3876 146 3925 οὔτε
161 3876 209 3948 γὰρ
225 3873 298 3936 τάξιν
315 3876 419 3944 ἔχοντες
431 3874 595 3944 αἰσχυνθεῖεν
610 3873 639 3925 ἂν
652 3874 734 3926 λιπεῖν
745 3893 802 3926 τινα
817 3879 908 3949 χώραν
924 3871 1085 3946 βιαζόμενοι.

134 3974 169 4038 3⁰
184 3975 253 4038 Cat.
269 3974 323 4050 38,
347 3974 378 4046 3,
397 3994 552 4060 namque,
574 3974 626 4038 nti
635 3972 753 4062 paneis
768 3994 881 4039 verum
900 3971 1082 4051 absolvam,
1100 3983 1177 4061 post
1199 3970 1260 4037 illa
1286 3983 1366 4035 tem·
1413 4023 1421 4034 .

86 4102 173 4169 pora
190 4078 389 4167 purioremque
402 4101 471 4144 rem
482 4079 656 4168 publicam
672 4079 841 4167 apitaoere
854 4079 995 4145 donastis
1016 4077 1217 4157 nominibus,
1241 4076 1304 4143 alii
1325 4077 1367 4143 si-

90 4187 159 4252 cati
162 4185 287 4275 papali
294 4186 379 4274 jara
390 4184 614 4271 deformarent,
624 4208 711 4275 pars
721 4207 786 4273 qno
795 4198 929 4251 senatus
942 4184 1122 4252 auctoritas
1133 4205 1296 4251 maoeama
1310 4184 1366 4273 so-

89 4304 149 4373 ret,
185 4291 307 4358 bonnm
327 4291 504 4381 publicum
527 4291 722 4358 simulantes
751 4314 814 4380 pro
838 4314 900 4358 sua
929 4292 1067 4381 quisque
1094 4292 1246 4381 potentia
1268 4303 1368 4357 certa·

121 4500 143 4546 l.
160 4497 224 4546 Item
237 4497 267 4546 Α.
286 4497 404 4546 Laureclr
418 4497 445 4559 (l.
463 4497 480 4546 l.
498 4513 522 4556 n.
547 4497 597 4560 35).
617 4511 676 4545 cum
694 4495 846 4559 Thucydide
861 4496 1057 4560 comparatione
1077 4495 1203 4553 instituta,
1218 4510 1276 4544 eum
1292 4495 1368 4544 docet

90 4567 157 4616 hanc
172 4569 392 4617 constructionem
405 4567 529 4616 adhibere
542 4582 592 4616 non
608 4568 690 4616 solam
706 4568 730 4616 in
748 4567 881 4617 adverbiis
898 4583 912 4616 e
930 4567 1022 4631 quibus
1039 4567 1170 4632 adjectiva
1184 4565 1297 4617 derivari
1316 4581 1367 4614 non

90 4638 191 4702 possint
203 4639 247 4699 (cl.
259 4638 352 4688 Mattb.
369 4641 413 4688 Gr.
429 4655 453 4702 p.
468 4642 512 4689 427
530 4646 556 4687 et
568 4642 632 4701 889).
649 4646 677 4687 ut
690 4639 755 4705 δίχα,
771 4638 855 4704 χωρίς,
866 4639 911 4688 sed
927 4639 1006 4688 etiam
1021 4637 1175 4704 cumpadis<
1191 4638 1246 4700 (lib.
1262 4636 1306 4694 tv,
1318 4639 1366 4698 to),

90 4708 215 4774 illumque
228 4709 381 4760 Sallustium
396 4710 525 4760 inritatum
541 4726 598 4759 esse
609 4720 706 4760 censet.
