3314 5526
721 385 876 448 ..5-

201 540 237 605 Β.
258 572 304 588 -
320 538 505 604 Duotrnnrro
524 557 668 603 sacuam.
690 537 840 602 Formam
863 533 992 620 genitivi
1014 533 1028 599 7
1047 555 1104 620 pro
1118 532 1145 600 ii
1160 553 1284 620 semper
1299 532 1430 628 adhibet

158 644 344 724 Sallustius,
360 663 424 710 non
440 645 543 710 solum
557 643 590 709 in
606 643 789 709 nominibus
802 642 951 729 propriis,
968 640 1131 708 sedetiam
1148 641 1181 706 iu
1193 641 1429 720 communibus,

158 753 190 818 iu
206 749 269 831 7777,
286 751 357 817 inm
367 751 599 828 desinentibus,
614 748 783 828 utconsili‚
795 746 919 837 inponi,
932 758 1006 821 etc..
1019 748 1104 835 quod
1114 748 1152 815 ab
1164 748 1311 814 omnibus
1327 747 1431 822 atatis

157 857 224 945 ejus
244 857 452 943 scriptoribus
468 858 541 943 plus
556 858 702 924 minusve
720 857 922 923 observatum
936 856 1033 922 fuisse
1053 866 1185 921 constat.
1203 853 1354 942 Adiectivi
1371 875 1431 921 au-

156 974 219 1031 tem
238 984 404 1051 uunquam
423 965 506 1054 banc
525 965 683 1051 syzygiam
698 964 877 1050 patiuntur.

200 1071 358 1138 Similiter
376 1069 426 1138 alis
441 1092 498 1157 pro
517 1069 580 1137 diis
594 1091 718 1157 semper
732 1050 843 1138 scribit
857 1071 880 1150 ¹,
898 1069 1122 1157 interdumque
1137 1067 1237 1147 idem,
1257 1066 1358 1136 isalcm
1373 1088 1430 1156 pro

156 1174 270 1257 iidem,
287 1175 403 1244 iisdem
421 1179 473 1265 (V.
496 1179 535 1245 ad
552 1198 739 1265 pronomen,
757 1198 830 1264 pars
851 1199 885 1255 11,
902 1198 931 1264 p.
950 1179 1020 1263 39).

199 1284 332 1351 Generis
350 1286 485 1351 mutatio
502 1286 643 1353 notanda
657 1298 704 1352 est
719 1286 752 1351 in
773 1285 875 1352 tribus
891 1284 994 1351 verbis
1018 1308 1026 1350 :
1051 1284 1162 1374 lorus,
1183 1283 1360 1350 masculino
1374 1302 1431 1368 ge-

155 1411 244 1470 nere,
275 1413 331 1477 pro
347 1392 464 1480 sorum
487 1392 581 1478 (Hist.
600 1414 622 1471 1,
645 1394 714 1479 76),
742 1393 843 1459 forma
862 1392 1005 1458 obsolata
1024 1412 1042 1457 a
1058 1391 1180 1458 Lucilio
1202 1401 1233 1457 77
1255 1388 1429 1476 Pomponio

156 1497 316 1578 adbibita;
338 1499 413 1566 item
427 1497 560 1588 colpum
583 1501 623 1586 (l.
646 1501 701 1579 69,
719 1501 756 1582 23
774 1500 828 1579 73,
846 1501 880 1585 5)
898 1520 955 1586 pro
969 1497 1102 1588 colpum
1123 1510 1153 1565 et
1165 1496 1271 1564 vadus
1290 1497 1430 1584 (facilem

154 1604 272 1672 vadum
289 1606 327 1671 H.
348 1628 370 1684 7,
392 1606 463 1692 68),
481 1627 539 1692 pro
553 1605 690 1687 vadum,
707 1628 786 1694 quas
806 1607 924 1673 formas
945 1607 1126 1684 aSisenna,
1142 1605 1250 1686 Accio,
1271 1607 1426 1681 Varrone,

154 1712 275 1779 Nonius
288 1721 422 1779 testatur
437 1714 597 1780 adhibitas
611 1715 720 1780 fuisse.

198 1819 287 1886 Adde
303 1817 368 1885 loci
380 1840 434 1906 pro
455 1818 541 1900 loca,
555 1841 649 1888 sensu
667 1820 790 1907 vulgari
809 1843 816 1886 ε
831 1823 902 1908 lug.
926 1821 980 1898 78,
996 1823 1033 1901 l3
1051 1821 1106 1899 30,
1125 1821 1161 1901 l;
1179 1820 1234 1898 66,
1250 1805 1290 1898 l;
1312 1818 1366 1896 76,
1390 1819 1426 1896 7;

155 1926 209 2003 78,
227 1926 262 2008 7;
283 1926 338 2004 86,
356 1928 392 2008 7;
413 1928 468 2007 97,
488 1928 517 1993 7.
539 1928 599 2011 (87.
616 1929 745 1995 lludim.
764 1928 838 1994 inst.
855 1928 1031 2015 gramlib.
1049 1932 1074 2005 Ι,
1093 1927 1184 2012 768.)

200 2033 235 2100 C.
256 2069 303 2084 -
319 2036 507 2101 Daournnrro
525 2057 646 2102 77777777.
659 2056 712 2085 ’-
729 2035 964 2102 Accusatioum
979 2035 1114 2121 pluralis
1130 2035 1230 2101 tertiae
1245 2030 1427 2099 declinatio-

155 2139 205 2205 nis
221 2141 255 2206 in
272 2138 299 2206 is
314 2161 438 2228 semper
458 2144 625 2228 usurpavit
640 2143 814 2209 Sallustius
831 2143 864 2209 in
883 2143 920 2209 iis
936 2143 1098 2209 vocabulis
1114 2163 1186 2229 quae
1200 2140 1375 2227 genitivum
1396 2137 1429 2204 in
1448 2179 1464 2209 ι

56 2306 58 2309 ,
155 2247 226 2313 inm
244 2259 411 2314 exeuntem
431 2249 573 2315 habent:
595 2270 667 2335 quae
686 2249 816 2337 quidem
835 2243 937 2316 forma
956 2252 1024 2315 sola
1039 2249 1179 2334 legitima
1198 2259 1257 2325 est,
1279 2257 1314 2313 ut
1334 2246 1432 2333 plane

154 2353 385 2420 demonstravit
400 2356 586 2422 Corssenius
604 2357 643 2443 (l.
661 2357 682 2422 l.
703 2377 734 2443 p.
751 2357 847 2443 lll);
876 2357 907 2422 in
925 2357 997 2422 aliis
1013 2366 1118 2422 autem
1134 2354 1308 2430 vocabulis,
1326 2353 1429 2418 forma

156 2461 188 2527 in
208 2482 241 2528 es
266 2461 351 2548 apud
372 2462 563 2530 Sallustium
586 2473 769 2551 ceterosque
790 2483 896 2530 aureae
916 2464 1019 2530 aetatis
1041 2463 1211 2557 scriptores
1230 2459 1429 2548 praeferenda

155 2587 221 2634 esse
241 2567 378 2635 videtur.
399 2572 444 2636 De
458 2590 522 2657 qua
537 2591 570 2636 re
586 2571 681 2655 plura
697 2572 763 2658 lege
777 2571 862 2656 apud
877 2571 1075 2637 Scbultzium
1096 2573 1153 2653 (De
1169 2567 1354 2636 archaismis
1369 2564 1428 2631 sal·

154 2674 317 2753 lustiauis‚
335 2695 368 2761 p.
392 2677 433 2742 78
452 2680 551 2764 sqq.),
576 2687 609 2744 et
633 2678 672 2743 cs.
699 2679 819 2756 Keller,
846 2677 903 2744 der
926 2678 1071 2744 Accusat.
1098 2678 1154 2743 aul
1180 2675 1208 2742 is
1228 2674 1286 2742 der
1309 2673 1428 2741 dritten

153 2781 355 2849 Declination
381 2783 430 2849 bei
459 2783 520 2850 den
536 2784 785 2871 Augusteiscben
803 2785 955 2852 Dichtern
985 2786 1032 2868 (in
1054 2783 1172 2852 thin.
1193 2785 1280 2851 Mus.
1303 2802 1370 2860 777,
1393 2782 1426 2854 2.

155 2907 187 2975 p.
211 2889 385 2973 illlblb).

201 2994 390 3062 Genltionm
405 2997 578 3084 singularis
594 2999 696 3064 tertiae
711 2999 934 3066 declinationis
952 2996 1047 3065 Persi
1066 2999 1118 3085 (Η.
1137 3020 1159 3076 7,
1178 3000 1224 3082 7),
1245 3017 1302 3083 pro
1320 2991 1428 3062 Persis

154 3123 173 3168 a
188 3101 385 3168 nominativo
395 3106 520 3178 Perses,
535 3106 725 3172 confirmant
737 3118 858 3172 veteres
872 3106 1071 3192 grammatici
1087 3107 1144 3172 boo
1160 3106 1228 3190 ipso
1246 3106 1312 3170 loco
1329 3104 1427 3168 allato

153 3209 288 3284 Probus,
309 3209 504 3291 Priscianus,
529 3212 706 3294 Charisius,
729 3213 869 3291 Servius,
893 3215 935 3281 M.
960 3211 1114 3279 Claudius
1142 3212 1306 3278 Sacerdos.
1329 3207 1428 3275 Ario·

154 3314 296 3383 barzani
308 3318 455 3397 formam,
473 3339 569 3406 quam
585 3320 687 3387 edidit
701 3321 888 3387 Gerlaobius
903 3340 960 3406 pro
973 3318 1212 3386 Ariobarzanis
1229 3319 1281 3406 (H.
1295 3339 1337 3397 77,
1355 3317 1424 3402 70),

154 3443 189 3490 77
206 3423 402 3491 editionibus
417 3424 491 3492 Aldi
512 3436 542 3493 77
556 3426 658 3505 lunii,
674 3427 819 3493 codicum
840 3427 1026 3495 auctoritate
1045 3447 1109 3494 non
1122 3427 1249 3493 nititur.

200 3529 351 3597 Genitico
372 3533 509 3618 pluralis
527 3535 655 3619 scripsit
674 3535 847 3602 Sallustius
868 3532 1180 3612 Bacchanaliorum,
1202 3553 1260 3620 pro
1279 3531 1428 3598 Baccha-

152 3635 295 3717 nalium,
317 3659 336 3704 a
358 3639 556 3706 nominativo
580 3641 682 3707 tertiae
705 3641 928 3708 declinationis
947 3639 1186 3721 Bacchanalia,
1213 3642 1264 3727 (H.
1288 3661 1337 3716 111,
1355 3639 1426 3724 97),

153 3743 367 3831 similiterque
392 3743 659 3814 Vulcanaliornm
680 3748 732 3833 (ll.
750 3770 793 3827 rv,
811 3749 854 3815 70
873 3758 903 3814 et
917 3749 990 3835 77),
1003 3749 1104 3817 Nouio
1121 3756 1197 3813 teste
1213 3747 1267 3833 qui
1285 3749 1329 3833 (p.
1349 3746 1427 3832 333)

154 3850 200 3915 ait
216 3873 224 3916 :
250 3877 262 3911 7
286 3851 588 3920 Bacchanaliorum
603 3876 660 3941 pro
673 3854 947 3925 Bacchanalium.
966 3865 1000 3921 ut
1013 3853 1263 3943 nectipaliorttm
1277 3863 1308 3920 et
1322 3852 1430 3942 conpi-

154 3955 313 4025 loliorum
327 3969 359 4026 et
372 3959 581 4028 nonullorum
595 3974 625 4028 77
637 3961 916 4030 Vulcanaliorum.
935 3964 1106 4030 Sallustius
1124 3984 1132 4028 :
1150 3959 1368 4048 exaudiriqnc
1382 3980 1428 4025 so·

153 4084 216 4130 nus
228 4064 541 4134 Bacchanaliorum.
553 4070 734 4136 Notandum
744 4079 791 4136 est
805 4082 914 4136 contra
926 4068 1031 4136 dnum
1047 4089 1104 4156 pro
1119 4065 1262 4134 duorum
1278 4075 1428 4154 sequente

153 4172 249 4238 verbo
267 4170 399 4239 milium
419 4194 431 4240 :
453 4171 557 4240 duum
572 4174 705 4248 milium
719 4175 892 4242 intervallo
909 4179 948 4261 (l.
971 4177 1028 4255 97,
1050 4177 1086 4257 3;
1108 4176 1184 4253 766,
1205 4175 1257 4261 5),
1268 4170 1428 4264 pracsidio

155 4277 253 4363 qataai
270 4275 376 4345 dnum
391 4279 522 4347 milium
533 4281 685 4370 perlitum
704 4284 743 4369 (l.
763 4285 817 4359 50,
841 4285 894 4370 3);
911 4293 942 4349 at
960 4281 1092 4349 milium
1103 4303 1269 4372 passuum
1286 4278 1428 4346 clarorum

155 4385 207 4470 (Η.
226 4407 262 4465 77,
276 4385 352 4471 83);
369 4384 513 4455 duorum
530 4388 869 4478 Carthapinlensinm.
886 4391 927 4476 (l.
945 4392 999 4471 79,
1014 4393 1064 4475 7.)

197 4491 414 4561 Accusationis
432 4496 567 4582 pluralis
581 4495 629 4563 vis
645 4496 800 4583 praeires
815 4499 847 4564 in
863 4499 976 4586 lragm.
994 4499 1074 4587 Ilist.
1097 4518 1144 4577 777,
1161 4496 1204 4562 Sl
1222 4495 1349 4582 legitur.
1367 4497 1429 4562 Lo·

186 4676 208 4724 t.
224 4674 260 4722 At
273 4674 340 4724 Hist.
355 4691 371 4736 7,
388 4679 427 4739 45,
442 4679 481 4736 27,
494 4677 572 4734 diois,
586 4693 615 4727 ax
630 4677 719 4728 codice
734 4678 861 4729 Vaticano
871 4680 932 4730 3867
942 4677 1036 4728 docimi
1047 4677 1145 4739 saeculi,
1157 4675 1232 4740 cujus
1244 4681 1333 4726 cetera
1343 4691 1426 4726 exem·

155 4743 198 4807 pla
208 4747 361 4810 apographa
377 4752 445 4797 sunt.
460 4749 579 4811 (lacobs:
595 4750 654 4827 7777.)
