3314 5526
753 440 945 497 -att-

201 583 295 650 modo
310 583 473 669 singulare
500 582 627 668 aliquid
639 582 791 668 temporis
812 583 1036 650 terminatione
1051 583 1230 649 definitum.
1247 584 1417 650 Sciendum
1434 594 1476 650 ta-

200 710 271 755 men
289 699 335 755 est
355 710 436 775 saepe
455 691 591 756 alterum
609 690 641 754 iu
665 691 801 756 alterum
824 699 936 756 mutuo
962 690 1120 768 transire„
1133 691 1176 755 ita
1192 700 1227 755 ut
1241 703 1272 756 et
1288 691 1470 776 participia,

200 797 351 882 temporis
371 796 603 881 significatione
621 797 760 874 sublata,
783 797 816 863 in
835 816 956 862 meram
971 796 1198 882 adjectivorum
1215 797 1278 862 rim
1293 798 1409 863 abeant
1424 797 1475 863 de·

199 904 387 990 signentque
407 905 452 969 rei
478 914 595 969 statum
611 904 753 989 aliquem
768 906 813 970 rel
830 904 1050 970 condicionem
1066 916 1251 990 perpetuam
1271 925 1308 968 ac
1325 917 1475 971 coustan-

200 1023 275 1090 tem,
296 1021 327 1077 et
346 1010 514 1094 adjectiva,
531 1011 662 1096 propria
681 1020 798 1076 natura
812 1011 969 1096 deposita,
999 1011 1155 1077 actionem
1171 1011 1314 1097 aliquam
1336 1011 1477 1078 indicent

199 1137 332 1202 eamque
349 1137 412 1182 non
433 1126 631 1202 perpetuam,
652 1116 707 1182 sed
727 1118 878 1202 temporis
898 1118 1016 1184 linibus
1030 1117 1301 1203 circumscriptam
1318 1118 1369 1200 (cl.
1387 1119 1474 1184 Haa-

198 1225 277 1301 sius‚
292 1225 324 1289 in
338 1235 446 1289 annot.
466 1222 506 1288 ad
518 1223 647 1309 Reisigii
664 1224 761 1290 schol.
780 1225 818 1290 de
831 1225 907 1310 ling.
929 1227 1014 1305 bain,
1030 1245 1102 1310 pag.
1117 1225 1207 1310 ill).
1228 1225 1415 1311 Quaequum
1431 1226 1475 1290 ita

198 1332 273 1411 sint,
294 1330 356 1396 duo
377 1333 506 1397 omnino
527 1330 769 1416 participiorum
789 1351 905 1416 genera
925 1345 1070 1398 accurate
1086 1341 1160 1396 sunt
1178 1330 1407 1416 disjungenda:
1426 1333 1471 1396 al·

198 1449 301 1505 terum
318 1438 480 1522 propriam
493 1437 580 1503 verbi
594 1440 656 1502 vim
666 1437 792 1515 retinet,
806 1437 909 1523 perdit
924 1439 1061 1536 alterum
1074 1437 1139 1502 vim
1152 1437 1239 1502 verbi
1249 1448 1280 1502 et
1291 1436 1330 1502 ad
1341 1438 1472 1503 nemina

198 1546 401 1621 transfertur,
422 1543 514 1628 cujus
533 1543 663 1629 quidem
678 1544 749 1610 duae
764 1545 882 1630 speeies
899 1543 1178 1629 iterumdistingui
1197 1555 1338 1629 possunt.
1360 1546 1471 1628 ltaque

198 1651 261 1715 tria
277 1651 522 1737 participiorum
540 1669 656 1735 genera
669 1650 870 1717 observanda
890 1635 965 1716 sunt
979 1674 992 1716 :¹
1009 1652 1147 1735 primum
1161 1671 1271 1716 eorum
1293 1651 1461 1737 participio

198 1778 282 1836 rum,
301 1779 384 1844 quae,
409 1758 480 1832 licet
503 1758 637 1824 verbum
657 1758 796 1824 habeant
810 1757 850 1823 ad
865 1757 950 1842 quod
965 1758 1157 1838 referantur,
1175 1769 1281 1824 tamen
1297 1760 1384 1823 omni
1402 1778 1474 1824 eon·

196 1865 364 1949 junctione
387 1884 460 1930 cum
483 1865 580 1931 verbo
603 1864 693 1930 finito
713 1864 864 1930 destituta
885 1875 971 1941 sont,
989 1865 1034 1929 ita
1051 1874 1086 1929 ut
1099 1865 1211 1931 eodem
1230 1865 1322 1931 modo
1341 1886 1405 1952 quo
1421 1885 1473 1930 no·

196 1972 285 2037 mina
307 1971 462 2057 adjectiva
477 1971 666 2056 (qualitatem
686 1972 736 2036 vel
757 1971 803 2036 rei
819 1972 866 2038 vel
883 1991 1026 2056 personae
1041 1970 1211 2050 denotent;
1234 1970 1348 2038 deinde
1362 1991 1472 2038 eorum

197 2100 281 2164 quae,
304 2097 403 2163 quum
424 2078 464 2143 ab
479 2078 564 2143 omni
584 2097 617 2143 re
639 2079 688 2144 vel
706 2097 840 2163 persona
854 2087 1018 2164 segregata
1034 2055 1262 2164 ipsa⁴n0tinem
1278 2079 1323 2144 rei
1339 2078 1388 2144 vel
1405 2098 1472 2163 per-

197 2205 282 2251 sonae
302 2184 450 2260 induant,
475 2203 532 2270 pro
558 2184 742 2250 nominibus
768 2185 974 2251 substantivis
994 2195 1179 2270 ponuntur;
1201 2184 1338 2270 denique
1361 2205 1473 2250 eorum

196 2311 268 2378 quae
283 2291 448 2377 propriam
464 2290 551 2356 verbi
577 2300 726 2356 naturam
751 2291 900 2369 retinent,
920 2290 1054 2376 ideoque
1074 2292 1269 2376 permultum
1288 2289 1409 2356 faciunt
1432 2291 1472 2356 ad

197 2418 324 2463 sensum
339 2397 437 2463 totius
453 2397 617 2463 sententiae
637 2397 868 2463 moderandum
881 2397 902 2462 ¹.
921 2397 977 2463 His
992 2398 1119 2484 positis,
1130 2398 1257 2485 singula
1270 2417 1387 2484 genera
1404 2418 1473 2483 par·

199 2506 383 2589 ticipiorom
407 2503 493 2590 apud
515 2504 706 2571 Sallustium
724 2503 1008 2584 considerabimus,
1027 2525 1062 2572 ae
1077 2504 1192 2571 deinde
1209 2504 1247 2571 de
1262 2505 1401 2571 ablativo
1417 2505 1472 2570 ab·

197 2613 301 2678 soluto
316 2611 521 2677 disseremus.

238 2718 277 2783 Α.
300 2752 344 2786 -τ
367 2718 544 2784 Pnnrmiem
562 2739 788 2797 nnrncrrvonuu
810 2738 955 2785 urrunnu
979 2740 1147 2786 lutrarum.
1171 2718 1383 2785 —Primum
1403 2737 1472 2784 mo·

198 2824 341 2890 nendum
356 2834 402 2890 est
427 2825 588 2891 interdurn
612 2825 836 2891 difficillimam
854 2845 922 2891 esse
947 2826 1190 2912 participiorum
1214 2846 1285 2912 quae
1306 2824 1473 2912 adjectivo·

196 2951 279 3008 rum,
308 2941 339 2996 et
364 2931 608 3017 participiorum
631 2952 704 3016 quae
722 2933 892 2999 verborum
911 2934 975 2998 vim
996 2933 1148 3012 habeant,
1164 2932 1414 3012 distinctionem,
1438 2940 1473 2997 ut

193 3039 261 3105 Cat.
285 3039 339 3116 52,
362 3038 414 3115 lli,
432 3035 582 3104 videlicet
601 3037 717 3104 timens
744 3059 797 3118 ne,
822 3038 852 3105 ei
874 3038 1085 3119 Romamne,
1114 3049 1175 3104 ant
1199 3060 1221 3104 a
1249 3037 1471 3128 popularibus
1559 3114 1575 3129 Γ,

193 3142 432 3233 corporationis
447 3155 508 3210 uret
521 3165 543 3209 a
557 3143 771 3211 multitudine
782 3145 938 3211 conducta
950 3167 1011 3233 per
1025 3146 1099 3215 cim.
1108 3145 1311 3233 erimantum
1325 3147 1341 3212 J
1346 3165 1397 3231 ug.
1413 3146 1467 3222 lu,
1563 3128 1573 3147 ⁷

193 3254 226 3332 6,
244 3252 369 3318 munito
389 3250 523 3338 aparine
542 3248 690 3319 incedere
711 3252 765 3337 (cl.
782 3253 811 3318 t
830 3252 906 3331 100,
924 3254 969 3336 l),
988 3253 1106 3337 quibus
1128 3253 1204 3319 loeis
1223 3253 1392 3339 participia
1413 3252 1471 3318 ad-

189 3359 297 3445 jectivi
320 3358 552 3445 significatione
581 3359 684 3444 posita
708 3379 775 3425 esse
799 3359 961 3438 videntur,
988 3369 1021 3425 at
1053 3359 1239 3447 diligentius
1267 3359 1470 3446 perspicienti

192 3473 326 3551 apparet
349 3475 467 3532 statum
489 3465 668 3552 participiis
697 3466 873 3533 indicatum
898 3475 1022 3532 tantum
1045 3467 1197 3552 temporis
1223 3466 1317 3533 modo
1339 3467 1468 3542 durare,

191 3583 348 3657 quantum
366 3573 446 3639 actio
464 3572 550 3638 verbi
565 3572 647 3638 liniti
664 3574 804 3659 expleat,
821 3572 957 3659 ideoque
971 3575 1187 3640 «relationem
1203 3573 1373 3661 quamdam
1390 3574 1472 3640 inter

142 3762 146 3767 ἡ
191 3679 362 3764 participia
383 3688 414 3744 et
436 3680 569 3745 verbum
592 3679 720 3746 linitum
743 3679 950 3757 intercedere,
968 3701 1041 3767 quaa
1056 3681 1164 3767 qualis
1179 3683 1220 3746 sit
1238 3681 1333 3748 facile
1350 3681 1472 3746 intelli-

189 3806 311 3872 gemus,
329 3786 355 3851 si
377 3787 475 3852 aliam
491 3787 647 3853 orationis
665 3787 801 3855 formam
818 3788 1034 3873 posuerimus:
1053 3809 1091 3854 ex
1104 3809 1152 3874 gr.
1171 3789 1239 3855 Cat.
1262 3789 1318 3867 52,
1337 3788 1391 3867 ll,
1413 3807 1471 3872 po-

190 3891 272 3959 terat
286 3893 469 3979 praepositio
491 3893 608 3972 omitti,
626 3903 660 3959 ut
673 3893 832 3960 ablativus
846 3894 1012 3960 absolutus
1030 3906 1127 3974 esset3
1148 3904 1295 3979 poteraut
1308 3895 1405 3961 etiam
1419 3875 1470 3958 se-

191 3999 297 4084 parari
314 4000 483 4066 sententiae
503 4001 562 4066 hoc
577 4000 671 4066 modo
688 4023 697 4066 :
722 4000 838 4067 timens
851 4022 892 4067 ne
909 3998 1089 4068 multitudo
1112 3999 1360 4079 conduceretur,
1384 3999 1471 4067 etad

191 4105 254 4172 linc
269 4104 335 4195 ipsi
348 4105 564 4195 eriperentur.
583 4133 594 4167 ι
615 4107 738 4194 (Lilie).
751 4108 809 4174 llic
823 4121 898 4176 vero
910 4129 948 4174 ea
961 4117 1084 4177 tautum
1095 4109 1241 4194 exempla
1255 4109 1424 4175 ederemus
1438 4109 1471 4174 in

189 4214 307 4300 quibus
322 4216 416 4279 nulla
431 4214 590 4280 dubitatio
615 4214 727 4280 relicta
746 4215 799 4281 sit.

233 4320 627 4408 o.-Participiumqund
638 4331 685 4386 est
693 4321 1287 4409 proadJeetivosemperinsectantium
1298 4322 1466 4388 relativam

187 4427 266 4494 solvi
290 4437 408 4513 potest;
426 4427 511 4513 quod
529 4428 582 4494 ubi
600 4428 647 4507 dt,
664 4427 770 4494 induit
785 4428 901 4495 iterum
923 4429 1086 4514 propriam
1102 4429 1191 4506 verbi
1209 4439 1371 4496 naturam.
1388 4429 1468 4495 Nam

187 4535 214 4600 is
233 4535 318 4600 verbi
336 4535 447 4601 modus
469 4546 542 4600 tunc
557 4535 722 4620 eligendus
742 4525 871 4622 est,·qui
889 4536 1056 4601 conveniat
1072 4537 1189 4602 rationi
1209 4557 1281 4623 quae
1298 4534 1466 4625 intercedit

219 4695 242 4743 l.
261 4692 304 4742 Sic
319 4691 386 4742 bille
396 4693 561 4757 (ernrttones
575 4694 760 4757 promotattcac
772 4697 798 4743 tn
815 4693 999 4758 Sullnsn'nrn),
1014 4709 1089 4758 quem
1106 4693 1131 4743 in
1146 4695 1198 4745 hoc
1207 4695 1292 4759 primo
1304 4669 1470 4760 paragrapho

190 4765 237 4834 (Α)
252 4763 389 4814 tractando
402 4767 499 4828 saepius
514 4765 691 4824 adhibuimus,
707 4765 889 4829 interdumque
904 4766 935 4815 ad
951 4767 1055 4815 verbum
1069 4767 1255 4830 expressimus.
1414 4758 1417 4765 ’
