3314 5526
728 394 927 450 -aca-

182 558 243 601 aar
271 536 364 623 (also
390 536 632 602 nominaretur.
672 538 750 602 Nam
773 548 910 623 uterque
935 558 1009 602 crim
1044 535 1100 601 illo
1130 535 1242 624 pravis
1270 533 1469 600 inimicitias

182 639 395 721 ameum
411 643 485 730 Jug.
505 644 561 717 9-1,
582 643 615 722 9,
637 640 774 730 quidest
787 641 953 730 reliquum
971 641 1038 709 nisi
1049 642 1098 708 uis
1111 654 1235 718 oestro,
1251 662 1318 729 quo
1338 641 1471 706 moueri

177 749 308 837 possa?
322 749 402 815 Nam
422 770 483 837 epo
498 747 633 838 quidem
655 748 772 815 uellem
792 761 825 814 et
842 749 911 815 liae
934 770 1007 836 qna
1026 749 1132 816 scribo
1146 760 1178 815 et
1196 747 1256 814 iilo
1270 769 1345 836 qua
1367 759 1469 814 meten

182 855 219 919 ire
237 866 361 921 seriata
377 868 512 944 quecun
528 877 612 922 sacru.
624 876 715 923 cartu
736 857 860 944 forent,
879 856 1095 946 potiusquam
1114 855 1249 922 miseria
1266 875 1343 922 meu
1360 853 1468 944 fidem

183 958 293 1026 verbis
303 961 445 1050 fuceret.

228 1070 320 1137 uam
332 1070 495 1155 particula
510 1080 579 1156 post
598 1071 812 1137 accusativum
832 1080 862 1136 et
877 1070 1072 1137 infinitivum
1094 1071 1208 1158 posita,
1226 1089 1344 1137 novum
1366 1086 1469 1136 enun-

181 1176 305 1241 ciatum
323 1175 488 1243 inlinitum
501 1176 636 1258 inducit,
648 1177 811 1244 audaciori
827 1197 903 1243 sane
919 1189 1097 1243 structura:
1113 1180 1184 1264 lug.
1204 1177 1259 1257 76,
1275 1178 1308 1253 1,
1320 1187 1468 1242 ceterum

179 1277 409 1372 pausationem
423 1281 570 1363 timebat,
588 1283 805 1373 pernotuitore
818 1305 918 1374 posse
930 1283 1096 1350 eeleritate
1110 1281 1270 1372 putabam
1288 1302 1364 1350 uam
1382 1281 1469 1348 talia

184 1384 327 1455 masena
348 1412 412 1479 pen
434 1390 540 1458 otium
577 1404 609 1458 et
634 1413 675 1457 ec
705 1393 950 1481 opportunitate
977 1391 1055 1480 copi
1079 1393 1132 1475 (cl.
1159 1392 1189 1458 J.
1223 1393 1279 1469 85,
1308 1393 1365 1476 9),
1397 1392 1473 1456 ηοω

186 1512 333 1583 mutique
348 1508 419 1584 past
433 1499 567 1565 verbum
585 1500 773 1589 comperior
785 1501 855 1586 lug.
881 1501 935 1576 15,
951 1501 985 1579 9,
1000 1497 1059 1565 sed
1075 1497 1111 1564 in
1125 1520 1166 1565 eu
1184 1496 1387 1587 difficultate
1405 1499 1472 1565 Me·

187 1596 304 1667 ulline
314 1600 423 1691 fecisse
437 1606 646 1696 comperior:
664 1643 706 1657 -
721 1609 864 1695 Namque
879 1605 982 1673 edicto
993 1605 1147 1696 primum
1161 1603 1360 1695 adjumento
1375 1603 1472 1693 ipna-

188 1704 251 1777 vin
261 1708 447 1794 sustulisse,
464 1725 538 1781 etc..

232 1814 271 1883 9*
292 1815 461 1909 rl’urnpue,
483 1820 569 1910 quod
590 1821 676 1908 apud
691 1822 876 1890 Ciceronem
891 1821 988 1887 semel
1008 1828 1133 1886 tautum
1151 1829 1207 1886 aut
1226 1819 1274 1886 bis
1299 1829 1375 1886 ante
1396 1840 1475 1886 con·

190 1932 344 1993 sirannus
368 1925 545 2008 invenitur,
569 1928 655 2015 apud
675 1928 866 1996 Sallustium
887 1928 1000 2014 viginti
1024 1927 1148 1994 duobus
1170 1929 1235 1994 lere
1260 1927 1337 1992 locis
1355 1936 1473 2006 exstat,

191 2048 331 2121 vpnntnm
347 2032 532 2121 quindecim
552 2036 743 2122 particulam
759 2047 833 2102 ωηο
846 2036 983 2115 vocatos,
997 2044 1034 2100 ut
1048 2035 1139 2113 solet,
1158 2034 1293 2121 positam
1308 2033 1474 2110 exhibent,

192 2146 313 2227 seillam
333 2158 408 2210 vero
428 2153 501 2210 ante
525 2153 746 2211 consonantes.
768 2142 858 2224 Quod
886 2143 911 2208 si
935 2143 1074 2208 litteram
1099 2142 1234 2228 primam
1254 2141 1405 2207 vocabuli
1425 2160 1477 2206 se-

194 2244 322 2337 ntientis
342 2245 505 2337 inspicias,
521 2251 604 2318 hanc
617 2251 749 2317 fortasse
765 2251 908 2336 regulam
924 2269 960 2315 ex
975 2251 1129 2335 exemplis
1140 2247 1349 2316 sallustianis
1360 2266 1479 2314 eruero

198 2354 283 2429 licet,
311 2373 385 2423 auin
401 2378 546 2446 reumque
564 2370 620 2425 aut
639 2367 710 2424 ωηο
730 2354 874 2438 vocalem
887 2366 944 2423 aut
957 2369 1040 2444 ante
1065 2368 1176 2422 terune
1190 2366 1404 2422 consonantes
1420 2374 1479 2442 po·

197 2480 283 2531 ηοω.
300 2461 379 2531 Nam
403 2475 474 2531 ante
492 2487 509 2532 e
524 2467 664 2532 litteram
686 2464 825 2531 occurrit
839 2484 877 2529 ea
894 2464 1050 2550 particula
1068 2464 1094 2528 J.
1114 2464 1167 2543 11,
1183 2463 1203 2528 5
1224 2465 1270 2545 (n.
1288 2465 1431 2549 coepere)
1448 2473 1480 2526 et

198 2570 374 2655 855551.
393 2576 500 2656 cirrn);
525 2584 597 2639 ante
615 2596 656 2662 p,
679 2575 779 2652 l·l.1v‚
804 2573 843 2637 91
867 2572 913 2657 (n.
935 2570 1101 2660 primum)
1122 2581 1153 2636 et
1169 2571 1205 2635 H.
1228 2590 1270 2648 vv,
1289 2569 1344 2648 19,
1369 2569 1411 2635 18
1427 2571 1475 2651 (n.

196 2675 333 2769 prorecilt
349 2688 422 2745 unta
436 2690 476 2760 st,
491 2682 528 2746 H.
543 2702 589 2757 ιιι,
609 2681 639 2755 1,
655 2680 674 2745 7
693 2682 739 2762 (n.
757 2677 983 2771 stipendium).
999 2679 1158 2744 Praeterea
1179 2676 1296 2762 legitur
1312 2685 1387 2741 autc
1407 2673 1476 2742 dC.

200 2784 288 2859 utta
306 2785 353 2869 (n.
369 2782 526 2871 ditonus),
541 2787 624 2872 quod
637 2784 815 2871 exemplum
832 2786 975 2872 regulam
986 2805 1083 2870 supra
1103 2784 1239 2869 positam
1255 2781 1479 2848 infirmarevi·

201 2892 307 2973 aletur,
327 2900 359 2961 et
382 2903 455 2960 ante
469 2916 487 2959 r
500 2895 539 2960 H.
559 2915 602 2972 iv,
627 2895 681 2974 19,
702 2895 722 2959 5
743 2891 986 2976 (ullomonis).
1000 2890 1093 2978 Apud
1107 2891 1392 2977 Tacitumquoque
1406 2899 1481 2957 ante

201 3008 410 3071 collectantes
425 3000 586 3068 interdum
599 3000 750 3082 occurrit,
767 3001 821 3068 sed
835 3000 881 3067 ita
893 3008 929 3065 ut
941 2999 1035 3067 nulla
1046 2999 1156 3086 regula
1170 3018 1207 3065 ex
1222 2997 1314 3065 illius
1327 3016 1392 3065 nso
1407 2996 1480 3064 erui

204 3107 313 3201 pressit.

246 3216 280 3287 3⁰
294 3212 410 3298 Enim,
425 3226 496 3304 post
511 3216 648 3302 primam
663 3235 770 3284 vocem
786 3214 961 3292 enunciari,
983 3223 1018 3281 ut
1032 3213 1124 3294 solet,
1141 3213 1293 3298 positum,
1310 3211 1399 3298 apud
1411 3212 1481 3279 Sal·

204 3323 334 3393 luttium
349 3342 412 3391 noo
433 3323 477 3390 ita
491 3325 652 3411 frequens.
669 3325 743 3391 Post
756 3324 955 3408 negationem
969 3343 976 3388 :
992 3341 1060 3388 mn
1074 3318 1162 3387 enim
1179 3321 1219 3406 (J.
1243 3320 1296 3399 11,
1321 3319 1402 3404 98);
1422 3338 1483 3385 ne-

203 3452 267 3521 que
279 3429 367 3501 enim
383 3433 424 3519 (J.
446 3433 501 3510 95,
518 3433 610 3506 9,·11.
628 3453 676 3509 ιιι,
692 3432 748 3511 89,
765 3432 838 3514 95);
857 3439 987 3517 -post
1008 3427 1269 3513 interrogativum
1286 3446 1480 3513 pronomen,

205 3540 236 3607 in
253 3538 445 3629 parenthesi,
467 3541 501 3607 C.
525 3541 580 3621 51,
599 3540 653 3618 17,
665 3536 949 3605 verumsententia
964 3535 1037 3624 ejus
1048 3533 1134 3601 milri
1146 3531 1352 3600 nonerudel'
1385 3529 1486 3621 (quid

204 3649 289 3717 euim
299 3644 333 3713 in
344 3644 421 3713 talis
432 3645 579 3713 immines
594 3643 725 3713 cmuiele
733 3643 812 3733 fieri
820 3647 960 3733 potent)
971 3639 1030 3709 sed
1046 3641 1158 3707 alieno
1173 3663 1194 3706 α
1208 3638 1393 3729 republica
1409 3661 1483 3705 nos·

205 3764 257 3823 tro
271 3751 416 3833 videtum
436 3764 565 3840 -post
580 3751 671 3820 aliud
687 3752 890 3830 vocabulum,
911 3752 950 3818 11.
968 3771 991 3827 ι,
1008 3750 1063 3828 51,
1087 3750 1123 3815 11
1136 3773 1145 3829 ;
1160 3770 1209 3827 nr,
1224 3749 1280 3826 89,
1302 3749 1340 3826 7;
1358 3767 1401 3823 lv,
1426 3748 1483 3820 19,

207 3862 238 3929 1.
259 3897 305 3915 -·
324 3860 411 3928 ttae
430 3871 467 3927 ut
485 3859 572 3927 euim
588 3880 645 3946 per
668 3857 919 3948 occupationem
936 3877 1009 3923 cum
1028 3855 1134 3942 ellipsi
1156 3855 1294 3940 positum
1307 3854 1342 3920 C.
1361 3855 1420 3932 51,
1442 3855 1486 3921 95

207 3968 260 4055 (ci.
277 3989 369 4047 nom,
386 3969 519 4056 supra);
533 3967 699 4035 enimuero
716 3968 767 4050 (G.
783 3968 817 4044 9,
838 3967 875 4046 9;
893 3967 948 4043 90,
968 3965 1034 4048 tu).

251 4076 285 4145 ll
307 4074 441 4143 Etenim
459 4075 509 4142 bis
529 4086 652 4142 tautum
668 4076 800 4160 legitur:
822 4074 850 4140 J.
876 4074 933 4150 85,
951 4072 1006 4149 19,
1023 4080 1055 4137 et
1068 4071 1138 4137 Gal.
1163 4069 1219 4148 20,
1238 4069 1292 4146 11,
1311 4067 1364 4133 ubi
1381 4067 1487 4135 inter-

207 4181 363 4270 rogationi
380 4182 444 4250 vim
459 4181 603 4271 aliquam
621 4181 721 4251 addit.

820 4387 863 4453 lV

660 4564 857 4622 Conclusiouis
871 4560 1030 4637 particula.

254 4728 287 4796 l⁰
310 4729 402 4816 Erpa
416 4727 503 4816 apud
518 4727 709 4796 Sallustium
721 4747 783 4794 non
800 4727 845 4792 ita
859 4727 1022 4812 linquens,
1039 4734 1071 4791 et
1086 4741 1171 4790 nunc
1188 4720 1280 4832 initia
1295 4718 1437 4807 periodi,
1456 4729 1492 4787 ut
