3314 5526
634 433 829 489 -etr-

90 575 220 653 iustius,
239 575 324 661 quod
339 575 457 661 saepius
472 575 568 641 rebus
586 576 682 661 gestis
697 573 924 663 depressiones,
942 576 1101 662 imprimis
1115 575 1366 665 peoproplrices,

91 693 262 749 elmerum
282 682 426 768 gentium
443 679 674 771 descriptiones
689 682 829 749 inserere
848 683 939 748 solet.
959 683 1050 762 Quod
1066 693 1171 749 autem
1188 685 1370 751 llelrourius

91 791 137 875 (p.
155 791 211 869 52,
228 791 284 869 56,
300 790 357 876 68)
373 809 531 855 summam
547 789 692 857 Sallustii
707 789 740 855 in
754 788 970 856 describendis
987 793 1212 876 praeclarorum
1227 789 1368 856 uirorum

91 896 237 963 moribus
256 906 287 962 et
311 896 448 982 ingeniis
468 906 569 962 artem
590 896 629 962 ad
650 896 780 964 Catonis
801 896 1011 964 imitationem
1030 897 1139 977 refert,
1159 897 1370 964 Brueunertio

91 1003 568 1089 minimeprobabilevidetur¹.
850 1091 854 1100 .

136 1111 236 1177 lllulto
257 1111 373 1176 rectius
398 1110 483 1177 idem
505 1110 555 1176 vir
576 1110 685 1176 doctus
710 1111 743 1178 in
766 1111 980 1179 membrorum
1003 1112 1187 1199 equalitate
1201 1121 1233 1178 et
1248 1112 1371 1198 opposi-

94 1217 180 1283 tione
195 1228 291 1304 alque
306 1218 454 1284 oratoriis
472 1217 594 1303 figuris,
613 1218 688 1285 item
707 1219 740 1285 iu
757 1218 835 1305 ipsis
849 1218 1016 1284 sententiis
1036 1219 1226 1304 (presertim
1246 1220 1278 1284 in
1299 1238 1371 1284 ora·
1409 1236 1414 1250 ·

93 1324 180 1391 tione
196 1325 254 1390 illa
268 1325 423 1406 Memmii,
439 1326 510 1412 lug.
529 1327 584 1404 al,
602 1345 674 1412 quaa
690 1337 755 1393 tota
775 1326 997 1411 antiquitatem
1018 1337 1049 1391 el
1067 1327 1197 1392 Catonis
1218 1326 1371 1392 imitatio·

92 1450 166 1496 nem
178 1427 313 1510 redolet,
328 1442 359 1497 ot
375 1432 405 1497 in
420 1433 565 1498 oratione
579 1433 671 1500 Marii
688 1432 728 1499 ad
743 1434 910 1519 populum,
935 1434 1006 1516 lug.
1020 1433 1090 1517 85),
1104 1433 1294 1499 Sallustium
1309 1454 1372 1498 ves·

93 1538 173 1622 ligia
192 1539 322 1606 Catonis
337 1549 481 1605 seculum
496 1559 564 1607 esse
579 1540 762 1606 affirmavit.
784 1540 862 1619 Quae
883 1539 1012 1626 quidem
1035 1559 1135 1624 quum
1157 1560 1175 1605 a
1196 1540 1371 1626 quastione

95 1645 242 1711 instituta
259 1647 430 1733 paululum
446 1646 607 1727 recedant,
620 1646 660 1712 ad
674 1646 821 1714 libellum
841 1648 991 1713 nostratis
1011 1647 1166 1713 Deltourii
1187 1666 1263 1712 sane
1284 1647 1370 1712 omni

95 1751 191 1819 laude
203 1752 350 1839 dignum,
366 1764 397 1819 et
412 1752 453 1820 ad
468 1754 840 1822 recentiusBrueunerlii
856 1755 1006 1821 Germani
1022 1773 1102 1840 opus
1116 1753 1326 1820 remittemus.

721 2038 746 2104 ll

633 2232 678 2288 lle'
688 2231 834 2288 uarietate.
851 2266 856 2279 ι

139 2419 214 2487 Stili
230 2420 366 2486 varietas
382 2418 469 2506 apud
484 2421 672 2487 Sallustium
687 2440 749 2487 non
768 2419 799 2486 in
814 2439 939 2486 summa
953 2422 1039 2503 (nam
1055 2421 1229 2508 saepissimo
1245 2421 1370 2488 easdem

96 2528 274 2594 locutiones
289 2527 431 2614 repetit),
445 2528 501 2594 sed
521 2529 554 2593 in
574 2527 716 2615 ejusdem
737 2528 858 2617 periodi
875 2529 1093 2613 complexione
1104 2528 1254 2594 emiuet².
1268 2530 1372 2609 Quam

94 2634 224 2722 quidem
236 2635 425 2702 Gerlaebius
443 2655 506 2701 non
519 2654 637 2701 vanum
653 2646 802 2703 ornatum
820 2654 887 2701 esse
904 2644 1006 2721 putat.
1029 2662 1040 2694 ι
1058 2634 1118 2701 Sed
1137 2635 1254 2721 ipsum,
1267 2636 1374 2722 iuquit

94 2740 776 2827 (rol.nr,p.328),varietatisstudiumuon
786 2743 886 2829 magis
896 2741 1373 2828 adeertomquamdamclegan·

96 2850 213 2916 tiamet
226 2849 470 2915 concinnitatem
481 2848 696 2924 referendum,
707 2849 897 2935 quamquod
907 2849 1161 2916 Sallustiuselin
1178 2848 1254 2934 ipsis
1268 2849 1372 2915 rerbis

95 2967 126 3023 et
144 2957 176 3022 in
204 2975 315 3022 eorum
342 2967 503 3022 structura
517 2957 727 3042 proprietatis
742 2968 788 3022 est
808 2955 1071 3036 studiosissimus,
1093 2967 1123 3022 et
1139 2964 1203 3021 tam
1218 2974 1325 3041 presse
1343 2965 1375 3022 et

97 3063 262 3130 subtiliter
276 3062 431 3148 loquitur,
450 3071 485 3127 ut
498 3063 614 3128 merito
631 3063 787 3128 incertum
809 3062 926 3128 dixeris
942 3062 1037 3128 rerba
1058 3062 1225 3127 sententiis
1239 3082 1279 3127 an
1300 3082 1374 3129 sen-

96 3170 206 3236 tentiae
228 3168 333 3235 verbis
359 3169 570 3234 illustrentur.
594 3169 699 3249 Quare
722 3170 819 3234 rariae
844 3169 1014 3235 verborum
1039 3172 1207 3234 structure
1227 3188 1289 3234 uon
1316 3188 1374 3256 pro

98 3275 189 3344 inani
215 3284 402 3342 ornamento
422 3274 589 3355 habenda,
610 3275 664 3341 sed
687 3276 803 3341 rectius
826 3294 879 3341 eas
899 3274 1022 3340 dicendi
1050 3274 1168 3340 formes
1187 3275 1374 3360 scriptorem

97 3383 231 3469 elegisse
251 3381 426 3470 putareris,
448 3402 520 3469 quae
534 3381 680 3468 cogilalis
694 3382 812 3468 optime
828 3380 1044 3447 convenirent.
1060 3407 1072 3441 a
1089 3380 1257 3467 Quidquid
1274 3382 1373 3461 idest,

97 3510 161 3557 uou
182 3490 291 3577 negari
310 3499 414 3576 ‘potest
438 3508 596 3556 summam
617 3490 650 3555 in
674 3489 838 3555 vocabulis
853 3489 1094 3575 praesertimque
1111 3489 1143 3553 in
1160 3487 1377 3556 locutionibus

96 3608 128 3663 et
141 3597 432 3664 constructionibus
449 3596 640 3663 adhibendis
658 3596 847 3662 varietatem
867 3596 900 3662 in
916 3595 1061 3663 Sallustii
1078 3594 1206 3682 seriptis
1221 3594 1374 3662 eminere.

96 3704 250 3790 Exempla
269 3703 376 3771 dabo:

145 3811 179 3876 l⁰
198 3810 340 3895 Singulae
359 3828 451 3877 rocas
467 3817 691 3897 permutentur
708 3831 716 3875 :
733 3829 825 3875 secus
847 3808 941 3896 (Hist.
959 3829 995 3888 n,
1019 3809 1074 3884 29,
1100 3808 1132 3895 l)
1153 3816 1185 3873 el
1205 3828 1302 3874 saeros
1321 3808 1375 3891 lll.

129 4011 152 4057 l.
170 4025 183 4051 a
199 4005 283 4063 Quum
296 4005 377 4063 euim,
393 4004 486 4069 iuquit,
502 4006 552 4056 loc.
568 4005 646 4059 laud.
661 4018 687 4067 p.
704 4003 754 4067 lli),
764 4002 889 4053 Catonem
901 4002 1044 4066 originibus
1057 4002 1114 4052 suis
1125 4002 1231 4053 uomina
1241 4002 1378 4067 imperato·

97 4093 156 4127 rum
169 4077 313 4126 detraxisse
328 4075 437 4141 Nepotis
452 4080 478 4126 el
493 4076 572 4125 Plinii
586 4077 657 4141 (Nat.
674 4072 737 4127 hiel.
752 4077 775 4132 8.
790 4074 814 4138 5)
827 4073 984 4124 testimoniis
999 4080 1109 4133 constet,
1125 4074 1164 4122 vix
1178 4073 1235 4122 lieri
1253 4073 1336 4137 potuit
1351 4082 1379 4122 ut

97 4148 124 4198 in
133 4147 313 4198 describendis
326 4147 441 4196 virorum
449 4147 557 4211 ingeniis
567 4155 593 4196 et
603 4147 721 4196 moribus
733 4144 830 4196 diutius
840 4152 998 4195 versaretur.
1008 4144 1092 4208 Atque
1101 4161 1132 4194 ne
1144 4144 1177 4194 iis
1185 4142 1289 4208 quidem
1300 4143 1377 4207 locis,

98 4219 194 4284 quibus
204 4219 237 4269 ad
247 4219 316 4268 viros
329 4218 514 4269 describendos
525 4218 672 4277 adducitur,
687 4217 752 4267 artis
766 4216 835 4265 illius
851 4217 965 4280 speeiem
975 4215 1089 4275 invenio,
1098 4230 1150 4279 qua
1160 4215 1297 4265 Sallustius
1308 4214 1376 4264 viro·

97 4307 156 4341 rum
164 4297 190 4339 et
198 4291 335 4340 mulierum
346 4305 442 4346 mores.
457 4298 486 4338 ut
497 4289 615 4338 Catilinae
631 4289 695 4352 (Cal.
712 4288 744 4351 5),
762 4287 832 4336 Curii
846 4289 904 4351 (23),
919 4287 1081 4350 Semproniae
1093 4287 1154 4351 (ἳὸ),
1166 4286 1279 4335 Caesaris
1294 4292 1320 4335 et
1332 4286 1378 4334 Ca-

97 4359 168 4411 tuuis
181 4361 242 4424 (54),
256 4360 405 4410 Masinissae
420 4359 491 4423 (Jug.
505 4359 540 4423 6),
553 4358 630 4409 Marii
646 4359 680 4423 (J.
696 4360 744 4420 63),
757 4357 836 4407 Sullae
848 4357 881 4420 (d.
897 4358 946 4421 95).
962 4356 1076 4420 Pompeii
1088 4356 1131 4420 qli.
1141 4354 1192 4406 iuc.
1208 4356 1258 4424 tl),
1270 4369 1378 4419 expres-

98 4432 141 4481 sit.
156 4431 320 4496 Quapropter
332 4431 481 4482 Sallustium
497 4429 522 4478 iu
537 4429 587 4478 hac
603 4444 632 4479 re
647 4428 732 4492 potius
746 4428 908 4493 Thucydidis
925 4426 1036 4491 vestigia
1050 4438 1168 4478 secutum
1181 4441 1240 4477 esse
1255 4426 1375 4479 arbitror.

98 4503 174 4566 cujus
190 4501 268 4552 virtus
281 4502 306 4551 iu
321 4517 352 4550 eo
363 4500 475 4550 maxime
490 4500 616 4561 cernitur,
632 4500 702 4563 quod
717 4514 819 4549 summa
836 4507 892 4549 arte
908 4513 1059 4562 summoque
1075 4498 1194 4548 acumine
1209 4497 1324 4547 virorum
1338 4511 1379 4544 ex·

97 4568 245 4623 callentium
258 4587 352 4630 mores,
367 4571 486 4630 virtutes,
498 4571 604 4635 ingenia
618 4570 742 4620 celebrat.
760 4590 772 4614 n

129 4647 153 4695 2.
177 4643 215 4693 Cl.
232 4643 337 4700 Teuffel,
369 4642 445 4707 (Real
469 4641 670 4706 Euryelopoedie
686 4641 733 4690 der
757 4636 1067 4690 classichenalterthum
1090 4637 1318 4689 Wisseuscbalteu
1339 4651 1375 4695 vr.

99 4731 123 4780 p.
140 4717 187 4765 696
201 4714 279 4779 sqq),
295 4713 339 4778 qui
353 4712 592 4778 frequentissimam
604 4711 741 4778 particulae
753 4713 838 4777 ipilur
854 4711 929 4761 initio
939 4709 1038 4775 periodi
1050 4709 1247 4761 collocationem
1259 4708 1377 4758 varietati

98 4784 258 4837 contrariam
271 4799 330 4834 esse
344 4783 390 4834 ait.
