3314 5526
725 391 923 454 -tb't-

186 561 288 628 neque
299 560 388 607 secus
400 549 493 627 atque
509 541 568 606 iter
579 541 694 618 lacere,
710 550 818 604 castra
829 538 970 616 marrire,
987 536 1176 608 excubitum
1192 539 1227 602 in
1232 547 1333 625 porta
1346 537 1453 603 cobor-

186 646 228 714 tis
239 669 279 714 oa
291 645 486 736 lapionibrcs,
499 644 691 735 prorostris
707 632 1036 735 eqrcitesarcailc'arins
1050 643 1190 723 mittere,
1201 654 1362 732 praeterea
1373 642 1456 710 alios
1512 645 1516 651 '

185 775 284 845 super
296 751 423 820 oallrcm
443 751 478 831 in
487 744 699 818 inanimentis
715 749 833 831 locare,
859 749 1079 841 cipiliasipse
1093 750 1278 818 circumire.
1296 752 1330 819 Si
1344 750 1458 837 gallice

188 858 410 943 animadversa
423 861 519 926 verba
533 879 589 945 per
609 858 827 946 imperfectum
841 858 1003 925 indicativi
1020 859 1275 936 transferremus,
1301 859 1333 922 in
1354 877 1459 925 enon*

189 967 267 1034 tiato
281 965 469 1034 secundario
482 967 583 1052 posita
598 985 673 1043 sane
685 977 799 1031 essent.
814 966 1034 1047 Qunmaotem
1045 965 1288 1044 latinussermo,
1305 964 1336 1031 iu
1348 963 1465 1033 simili*

188 1073 300 1143 tudine.
313 1083 368 1140 aut
381 1072 645 1159 dissimilitudine
669 1072 886 1161 exprimenda,
906 1091 954 1137 res
980 1071 1063 1138 inter
1085 1092 1116 1138 se
1135 1073 1267 1138 collatas
1294 1071 1460 1156 particulis

187 1181 378 1266 copulativis
389 1181 524 1267 iungere
543 1180 658 1259 soleat,
678 1199 740 1244 non
758 1180 858 1273 magis
880 1179 931 1245 hic
955 1178 1065 1245 mirari
1084 1177 1235 1248 dehemus
1263 1177 1460 1255 infinitivum

187 1287 337 1353 collocari
361 1307 458 1374 quom
484 1287 702 1372 imperfectum
725 1284 888 1361 indicativi
910 1284 1113 1362 miraremur,
1134 1285 1160 1350 si
1187 1283 1372 1362 Sallustius,
1395 1284 1460 1351 alio

189 1393 325 1460 orationi
346 1393 403 1459 toti
414 1395 519 1460 colore
536 1393 623 1474 dato,
642 1393 731 1460 finito
748 1405 888 1479 tempore
904 1413 980 1461 usus
995 1401 1087 1471 esset,
1106 1403 1139 1458 ut
1152 1392 1292 1459 actiones
1307 1411 1363 1475 per
1377 1391 1460 1457 vices

189 1501 341 1586 temporis
355 1500 497 1587 singulas
511 1499 674 1587 repetitas,
688 1520 752 1567 non
767 1512 874 1576 autem
887 1499 996 1566 eodem
1011 1509 1151 1585 tempore
1165 1497 1260 1565 simul
1277 1498 1460 1565 manifestas

189 1607 390 1693 exprimeret.
723 1625 725 1631 ·

233 1715 267 1780 2⁰
290 1714 306 1778 J
311 1734 361 1800 ug.
379 1713 434 1793 70,
453 1715 486 1793 5,
507 1710 676 1779 Bomilcar
694 1710 797 1780 sincal
812 1710 953 1802 cupidus
968 1711 1099 1802 incepta
1109 1709 1277 1802 patrandi
1296 1721 1328 1777 et
1345 1709 1461 1777 timore

188 1819 257 1894 saci
268 1818 402 1898 ancias,
414 1840 454 1886 nc
469 1819 587 1886 omisso
601 1831 706 1885 uetere
720 1817 853 1886 oonsilio
866 1840 984 1885 rraoom
1001 1830 1171 1907 quereret,
1188 1817 1313 1885 litterar
1327 1815 1374 1884 ad
1386 1838 1461 1884 enm

182 1948 250 2016 per
265 1925 412 1992 domines
422 1924 530 2016 (idelis
548 1925 661 2006 mittit,
680 1927 711 1992 in
731 1925 803 2013 quis
819 1923 996 1992 mollitiam
1015 1923 1266 2013 socordiamque
1284 1923 1351 1991 oiri
1367 1943 1459 1990 accu-

189 2053 272 2113 sare,
285 2033 392 2100 testari
406 2031 494 2114 deos,
502 2054 564 2121 per
573 2032 854 2122 ,qnosjccraoisset
864 2052 992 2112 monere
1002 2053 1042 2099 ne
1048 2030 1190 2122 praemia
1200 2029 1327 2109 Metelli
1340 2029 1375 2098 in
1378 2051 1459 2121 pes-

192 2151 257 2205 tem
272 2150 484 2206 conuerteret.
502 2141 698 2226 Hicqnoque
711 2142 749 2205 de
766 2141 919 2226 primario
935 2140 1104 2207 enunciata
1116 2139 1178 2225 agi,
1193 2139 1300 2205 invitis
1310 2139 1415 2204 verbis
1426 2136 1462 2203 in

192 2242 1464 2334 qnis,nemoestquinvideat.Latinaenimlinguarelativaverbaadjungenda

191 2354 361 2421 enunciata
377 2354 513 2420 libenter
526 2353 668 2433 adhibet,
685 2354 793 2439 eisque
809 2354 857 2421 vel
875 2354 967 2429 initio
984 2352 1463 2439 primariorumenunciatorum

193 2453 307 2541 utitur,
323 2470 357 2527 nt
374 2460 472 2548 priori
489 2460 671 2540 enuntiato,
685 2460 809 2546 quodet
825 2461 929 2546 ipsum
941 2462 1114 2547 perlectum
1130 2461 1397 2540 babeatsensum,
1412 2479 1464 2526 no·

191 2569 266 2633 virm
281 2569 487 2634 enunciatum
504 2588 559 2654 per
574 2587 605 2633 se
620 2586 746 2654 quoque
761 2561 943 2648 absolutum
959 2567 1123 2655 adjungat.
1140 2567 1217 2634 lnde
1233 2567 1267 2633 lit
1287 2576 1321 2634 ut
1335 2566 1400 2633 baec
1416 2585 1462 2632 re·

194 2673 304 2751 latina,
322 2693 386 2759 qua
399 2674 479 2739 salso
494 2672 657 2751 dicuntur,
674 2665 856 2751 enunciata,
874 2673 898 2739 si
911 2673 941 2741 in
959 2673 1103 2744 oratione
1121 2674 1461 2749 indirectaversentur‚

193 2780 409 2846 accusativum
428 2799 500 2846 cum
518 2780 688 2858 infinitivo,
705 2780 787 2847 sicut
800 2791 904 2847 cetera
922 2780 1074 2866 primaria
1089 2780 1272 2860 epnrroiata,
1288 2780 1462 2864 accipiant3

192 2907 263 2973 quae
276 2886 403 2973 quidem
414 2887 606 2954 constructio
617 2887 702 2974 apud
712 2888 896 2956 Ciceronem
907 2888 1087 2975 (VideRep.
1100 2908 1125 2965 1,
1138 2886 1195 2966 ll;
1209 2885 1244 2951 in
1257 2888 1347 2952 Verr.
1362 2887 1416 2963 lb,
1426 2886 1460 2969 8)

192 2993 363 3079 reperitur.
393 2992 472 3060 Hinc
498 2992 538 3059 ad
561 2993 756 3063 infinitivum
788 2995 986 3072 historicum,
1011 2982 1174 3063 audaciori
1199 2993 1355 3079 sermonis
1389 3013 1461 3068 usu,

191 3099 278 3186 apud
299 3099 490 3169 Sallustium
506 3100 635 3165 transiit·
647 3121 745 3187 genus
759 3100 840 3166 illud
854 3100 991 3169 dicendi.

237 3205 271 3273 3⁰
289 3206 361 3293 Jug.
383 3204 438 3284 98,
460 3206 492 3284 2,
508 3204 651 3294 jamque
670 3202 737 3272 dies
756 3217 968 3296 consumptas
996 3217 1079 3299 erat,
1105 3225 1176 3273 cnm
1202 3206 1309 3273 'tamen
1330 3203 1466 3272 barbari

192 3309 281 3379 nibil
291 3314 466 3392 remittere,
478 3324 588 3401 atque,
600 3312 650 3379 nti
663 3334 754 3400 repes
765 3323 1002 3402 praeceperant,
1014 3323 1211 3401 noctempro
1221 3310 1465 3393 serati‚·acrins

193 3419 325 3484 instare.
335 3417 545 3484 audaciorem
558 3419 653 3484 etiam
664 3420 752 3484 illius
766 3418 889 3499 dicendi
898 3419 1024 3505 generis
1035 3438 1128 3485 usum
1139 3419 1257 3505 praebet
1269 3418 1397 3485 tertium
1407 3418 1464 3483 hoc

192 3526 387 3610 exemplum,
405 3525 460 3591 ubi
482 3524 512 3590 ib
529 3524 815 3612 enunciat0„quod
827 3523 1053 3593 secundarium
1066 3545 1132 3595 esse
1147 3525 1284 3604 videtur,
1302 3546 1376 3590 cnm
1388 3543 1465 3590 con-

189 3631 314 3719 junctio
336 3631 517 3697 adhibetur.
536 3633 846 3715 Quamstrncturam
859 3652 930 3699 cum
948 3631 1107 3698 infinitivo
1126 3632 1277 3698 historico
1293 3631 1465 3697 Sallustius

192 3738 297 3804 nescio
314 3758 354 3803 an
373 3738 496 3825 primns
512 3738 705 3807 adhibuerit.
723 3740 822 3805 Plura
841 3738 971 3825 quidem
986 3741 1130 3826 exempla
1149 3740 1290 3827 ejusdem
1310 3758 1381 3804 cum
1398 3737 1464 3812 inli-

191 3845 304 3917 nitivo,
317 3844 403 3930 qnod
426 3844 556 3922 dicitnr,
568 3846 739 3912 enunciato
752 3845 836 3931 apnd
848 3847 971 3912 Livium
987 3846 1216 3913 inveniuntur:
1238 3847 1270 3924 lv,
1286 3843 1466 3932 5l,jacere

193 3964 262 4018 tam
277 3949 336 4017 dia
351 3949 466 4016 irritas
478 3950 672 4032 sanctiones,
690 3973 763 4040 puae
783 3934 822 4017 de
836 3951 903 4017 sais
917 3951 1286 4039 commodisferrentnr‚
1303 3971 1407 4038 qcrnm
1420 3950 1466 4015 in·

193 4058 289 4124 terim
302 4055 342 4124 de
356 4059 518 4147 sanquine
532 4070 563 4124 ct
575 4057 736 4147 simplicio
751 4081 810 4124 sno
826 4057 930 4123 latam
944 4057 1048 4145 lepem
1059 4057 1231 4146 confestim
1244 4056 1396 4137 exerceri,
1411 4057 1463 4122 ubi

193 4186 297 4255 qrcum
321 4164 453 4230 interim
478 4165 562 4231 idem
582 4167 673 4250 *valet
694 4175 788 4252 atque
808 4176 839 4231 et
857 4164 989 4231 interim
1010 4166 1063 4250 (ci.
1085 4167 1118 4245 2,
1142 4164 1195 4245 tt,
1221 4166 1315 4252 etc.);
1337 4165 1465 4231 nullum

195 4292 267 4338 vero
287 4293 358 4338 cum
384 4272 544 4339 infinitivo
563 4272 713 4339 historico
738 4272 824 4358 apud
846 4273 938 4338 illum
957 4272 1143 4358 scriptorem
1170 4273 1241 4337 novi
1269 4273 1468 4359 exemplum,

192 4380 331 4457 Tacitus,
347 4379 402 4465 qui
425 4380 615 4446 Sallustium
633 4379 788 4457 imitatus,
809 4379 976 4446 audaciam
993 4379 1183 4465 exemplaris
1198 4379 1313 4464 saepius
1332 4399 1482 4464 supera.

194 4485 250 4564 vit,
268 4485 459 4551 infinitivum
475 4485 660 4551 historicum
680 4506 752 4553 oum
767 4486 988 4576 conjunctione
1003 4506 1091 4565 cam,
1116 4506 1179 4552 non
1199 4487 1302 4552 solnm
1329 4485 1362 4551 in
1386 4505 1465 4571 apo-

193 4591 273 4669 nost,
291 4592 344 4659 sed
360 4593 455 4661 etiam
487 4594 517 4659 in
539 4593 653 4677 protasi
677 4592 827 4668 adbibere
861 4613 923 4658 non
958 4592 1127 4672 dubitavit,
1148 4591 1320 4678 presertim
1347 4591 1372 4656 si
1398 4589 1465 4678 pri·

194 4719 286 4765 mam
300 4698 450 4797 junctum
468 4699 509 4767 sit
531 4722 539 4764 ε
562 4719 618 4764 nec
637 4699 796 4785 immerito
815 4700 957 4786 quidem,
979 4720 1079 4786 quum
1103 4699 1285 4787 conjunctio
1314 4717 1389 4765 cum
1415 4696 1464 4763 his
