3314 5526
747 367 926 425 ..83-

243 513 410 580 Contraria
424 512 613 598 praecedenti
630 512 864 578 constructione
880 510 1036 590 adhibita,
1055 510 1251 595 singularem
1269 511 1393 575 relativi
1413 528 1470 575 nu·

199 640 322 686 merum
339 618 378 685 ad
393 619 626 687 substantivum
646 619 771 704 plurale
788 619 898 685 retulit
916 618 950 684 C.
964 618 1019 694 ab,
1037 618 1069 695 5,
1089 615 1214 681 littorea
1230 615 1363 681 seruitia
1378 637 1471 704 repu-

198 724 326 806 diabat,
343 725 433 813 cujus
446 723 540 790 initio
560 723 692 790 adeum
707 745 837 813 mapnac
850 723 951 812 copiae
962 720 1213 802 concurrebant,
1226 722 1264 789 de
1275 723 1391 810 quibus
1406 742 1472 788 ver·

199 833 259 912 bis,
277 854 349 919 qum
365 833 399 898 in
419 832 579 918 plerisque
598 842 629 898 et
644 832 772 917 optimis
785 831 946 897 codicibus
964 832 1123 915 leguntur,
1142 829 1259 913 saepius
1275 830 1473 915 disputatum

198 952 255 1006 est.
274 939 418 1006 Conferri
440 948 540 1024 potest
560 939 667 1004 Livius
683 940 735 1007 bb.
756 939 790 1018 8,
808 939 839 1016 7,
858 936 1008 1025 bonaque
1030 948 1066 1001 ut
1085 936 1136 1011 iis,
1154 934 1315 1023 quicquid
1334 935 1406 1023 ejus
1420 957 1472 1000 rc-

197 1044 471 1135 cuperaripossit,
480 1041 662 1111 reddantur
672 1066 802 1122 curare,
811 1056 841 1110 et
853 1044 992 1131 Thucyd.
1004 1036 1099 1120 t‚'80,
1113 1043 1145 1122 3,
1158 1049 1236 1102 ’alib
1251 1057 1304 1112 τοῖς
1319 1056 1470 1125 upupam

196 1159 263 1212 ullu
277 1159 363 1232 πολλῷ
378 1162 415 1212 ἔτι
429 1157 504 1211 πλέον
523 1158 617 1211 τούτου
648 1157 805 1232 illsiuopcu,
822 1163 865 1210 καὶ
880 1161 938 1211 οὔτε
953 1156 977 1211 ἐν
993 1166 1068 1229 κοινῷ
1084 1159 1177 1231 ἔχομεν
1191 1158 1249 1209 οὔτε
1264 1155 1370 1230 ἑτοίμώς
1384 1155 1472 1210 ἐκτῶν

198 1264 272 1319 itaut
301 1270 414 1341 φέρομεν.
432 1286 443 1319 ‹
459 1257 518 1339 Qui
536 1257 684 1350 loquendi
696 1279 783 1338 usus,
797 1260 903 1344 inquit
914 1257 1146 1334 Badstuebner,
1160 1277 1178 1322 a
1193 1276 1255 1342 qua
1267 1256 1330 1323 duo
1345 1257 1403 1322 illa
1417 1277 1472 1323 ex-

197 1365 444 1451 emplamutuati
459 1385 582 1444 sumus,
599 1364 671 1431 inde
690 1365 768 1430 milri
789 1364 916 1431 videtur
934 1365 1124 1452 repetendus
1138 1383 1216 1442 esse,
1238 1363 1324 1451 quod
1338 1364 1472 1449 scripto-

196 1492 246 1537 res
260 1481 290 1536 et
303 1471 403 1538 Graeci
415 1482 446 1537 et
458 1473 560 1538 Latini
575 1484 690 1538 neutra
701 1471 929 1558 adjectivorum
941 1485 970 1538 et
985 1472 1209 1558 pronominum
1221 1470 1260 1537 ad
1271 1471 1472 1536 substantiva

197 1580 279 1644 alius
295 1579 461 1664 cujusdam
475 1579 600 1664 generis
616 1579 734 1645 referre
753 1589 955 1645 consuerant.
980 1606 991 1638 ι
1015 1578 1080 1645 Alii
1100 1597 1174 1645 vero
1193 1576 1363 1664 scriptores
1383 1598 1472 1644 voces

195 1683 328 1750 servitia
348 1696 379 1750 et
391 1684 562 1751 seruitium
585 1686 762 1772 promiscue
786 1696 994 1770 usurparunt,
1023 1696 1057 1751 ut
1078 1704 1172 1751 amne
1191 1703 1355 1750 servarum
1373 1704 1472 1769 genus

195 1791 510 1877 comprehenderent,
534 1793 616 1858 inter
644 1811 723 1878 quas
743 1791 852 1859 Cicero
881 1791 947 1877 ipse
963 1793 1057 1878 plura
1083 1790 1255 1876 singularis
1281 1801 1311 1856 et
1336 1792 1471 1877 pluralis

196 1899 319 1965 numeri
342 1901 488 1985 exempla
508 1898 625 1985 praebet
645 1901 718 1987 (pra
734 1898 865 1977 Flacco,
878 1899 933 1978 38,
957 1899 1027 1979 lin.;
1046 1895 1085 1963 cle
1098 1895 1226 1986 republ.
1245 1898 1277 1975 3,
1295 1898 1328 1978 9,
1345 1898 1399 1963 lin.
1410 1923 1419 1979 ;
1436 1897 1471 1964 in

204 2009 291 2073 Verr.
308 2008 341 2084 5,
358 2007 389 2083 la,
408 2009 447 2087 93
465 2003 504 2072 de
515 2004 638 2094 lapibus
654 2007 685 2085 3,
704 2007 770 2090 ll).
1420 2085 1430 2105 .

239 2113 273 2178 3⁰
294 2113 422 2179 Duobus
443 2115 490 2178 vel
516 2113 618 2179 tribus
642 2111 718 2178 lacis
734 2111 907 2199 singularis
925 2121 956 2178 et
972 2112 1108 2197 pluralis
1125 2110 1301 2196 promiscue
1316 2132 1470 2198 usurpan-

195 2230 270 2286 tur:
294 2221 360 2286 Gat.
379 2220 411 2298 7,
435 2228 466 2296 t,
483 2221 560 2285 lam
579 2219 731 2307 primum
748 2219 913 2305 juventus,
928 2216 1081 2294 simulac
1097 2216 1317 2308 bellipatiens
1337 2228 1417 2298 erat,
1435 2219 1470 2286 in

194 2326 311 2391 castris
322 2347 383 2414 par
398 2323 546 2391 laborem
566 2347 628 2391 usu
642 2325 799 2392 militiam
819 2326 970 2404 discebat,
986 2324 1159 2413 mapisquc
1173 2324 1208 2391 iu
1225 2323 1349 2391 decoris
1367 2325 1470 2392 armis

193 2443 226 2497 et
242 2431 445 2498 militaribus
469 2431 560 2520 equis
579 2453 681 2520 quam
700 2432 735 2498 iu
753 2432 868 2498 scortis
886 2444 987 2520 atque
1002 2431 1159 2498 conviviis
1173 2429 1355 2499 turbidinem
1371 2434 1469 2500 babe-

113 2526 116 2531 ’
194 2539 282 2617 bant,
302 2540 355 2606 ubi
371 2540 498 2607 Curtius
511 2539 583 2625 jure
600 2540 760 2626 pluralem
780 2541 838 2624 legi
854 2540 983 2618 maluit,
1002 2559 1074 2606 cum
1090 2549 1220 2626 propter
1235 2541 1396 2607 notionem
1410 2542 1469 2607 col·

195 2647 339 2712 lectivam
354 2667 426 2733 quae
447 2647 478 2712 in
493 2647 648 2714 vocabulo
659 2645 820 2735 juventus
840 2647 916 2727 ipsit
930 2647 1123 2713 constructio
1136 2647 1287 2713 facillime
1302 2667 1341 2713 ex
1359 2650 1469 2734 singu·

194 2754 254 2819 lari
278 2753 310 2819 in
341 2754 500 2839 pluralem
525 2774 695 2820 numerum
724 2755 861 2820 transire
889 2754 1047 2842 potuerit,
1075 2754 1198 2820 ratione
1228 2754 1330 2842 magis
1358 2774 1468 2820 sensus
1580 2761 1583 2768 '

192 2880 288 2945 quam
306 2863 414 2926 l'ormae
434 2861 650 2946 grammaticae
666 2860 786 2927 habita.
805 2861 978 2947 Herzogius
995 2861 1225 2947 interpretatur
1247 2888 1258 2921 ι
1287 2880 1361 2927 man
1381 2861 1467 2927 hatte

194 2969 281 3032 scine
297 2969 385 3046 Lust,
402 2966 434 3032 d.
449 2967 481 3033 h.
494 2968 648 3033 eswurde
666 2967 874 3054 allgemainer
888 2970 953 3035 Tan
970 2955 1035 3035 und
1052 2968 1143 3036 Sitte.
1167 2996 1178 3028 ι
1196 2968 1374 3035 Dietsclrius
1393 2988 1466 3035 vern

193 3083 274 3139 recte
289 3074 435 3140 observat
458 3074 656 3159 scriptorem,
682 3094 755 3141 cum
776 3074 843 3160 jam
868 3074 907 3140 de
927 3075 1083 3145 universae
1101 3075 1278 3161 juventutis
1297 3074 1467 3160 disciplina

192 3178 332 3260 dixisset,
347 3180 414 3266 jam
432 3180 510 3267 quid
526 3201 581 3268 per
597 3180 686 3247 illam
700 3181 732 3247 in
756 3181 958 3266 singularum
977 3182 1093 3248 animis
1106 3183 1254 3248 ellectum
1268 3193 1349 3248 esset
1363 3183 1466 3267 magis

192 3287 293 3372 premi
309 3287 458 3354 voluisse.
946 3341 950 3347 .

234 3394 323 3461 Alter
338 3395 425 3460 locus
439 3403 485 3460 est
497 3396 566 3463 Cat.
583 3395 637 3472 23,
663 3396 696 3473 6,
713 3397 866 3482 Namque
880 3405 979 3460 antea
998 3397 1151 3482 pleraque
1167 3394 1320 3461 nobilitas
1338 3392 1465 3461 inuidia

191 3502 346 3568 aestuabat
359 3512 392 3566 et
413 3501 512 3589 quasi
529 3501 640 3590 pallui
664 3502 873 3569 consulatum
897 3502 1081 3583 credebant,
1103 3501 1190 3583 si...,
1213 3502 1267 3568 ubi
1292 3503 1464 3598 singularis

191 3627 343 3674 numerus
367 3609 462 3674 verbo
479 3607 656 3698 pleraque,
684 3610 819 3696 pluralis
830 3630 905 3675 vern
916 3610 1080 3677 collectiva
1096 3609 1294 3701 substantivo
1308 3607 1464 3675 nobilitas

191 3715 299 3782 deberi
314 3715 449 3780 videtur.
468 3716 515 3780 Cf.
533 3717 602 3784 Cat.
621 3718 674 3795 tt,
690 3718 723 3793 6,
738 3727 880 3782 ceterum
893 3718 1045 3804 juventus
1060 3718 1223 3804 pleraque,
1240 3714 1299 3783 scd
1319 3715 1465 3782 manime

190 3820 363 3901 nobilium,
389 3820 541 3889 Catilina
565 3822 699 3912 inceptis
716 3822 871 3912 [avebam
893 3822 1012 3912 quibus
1030 3823 1066 3889 in
1078 3823 1144 3889 otia
1159 3823 1213 3889 uel
1224 3823 1399 3912 mapnificc
1413 3822 1465 3888 acl

190 3927 333 3995 molliter
352 3927 460 3994 aioere
483 3927 580 4017 capia
603 3940 687 4009 crat,
712 3930 836 3995 incerta
850 3952 913 4018 pro
938 3929 1046 4011 certis,
1076 3928 1199 3997 bellum
1220 3950 1322 4017 quam
1344 3950 1464 4020 pacem

189 4036 362 4113 malebant,
382 4037 433 4102 ubi
451 4033 613 4102 nobilium
639 4035 818 4124 [iuuentus]
845 4038 928 4103 idem
949 4049 995 4102 est
1010 4048 1105 4124 atqua
1119 4036 1254 4123 juventas
1274 4034 1411 4116 nabiles,
1433 4046 1464 4101 et

190 4142 322 4209 verbum
339 4163 474 4241 sequens
492 4144 609 4228 plurali
631 4164 763 4210 numero
781 4145 958 4232 subjectum
977 4145 1072 4210 habet
1088 4163 1260 4229 pronomen
1276 4142 1302 4208 ii
1314 4143 1464 4209 subaudi-

190 4259 270 4326 tum,
294 4250 350 4335 qui
367 4250 406 4315 ad
416 4247 558 4337 juvenes
580 4248 704 4317 nobiles
728 4253 876 4318 retertur.
894 4253 942 4318 (ll.
968 4252 1065 4318 etiam
1086 4251 1181 4319 Catil.
1204 4251 1259 4327 37,
1276 4251 1309 4329 7,
1330 4250 1384 4316 ubi
1404 4252 1464 4317 lor·
1517 4306 1521 4312 .

189 4366 270 4422 tasse
285 4357 501 4423 nominativus
522 4359 685 4423 absolutus
705 4358 1000 4445 intelligendusest.
1020 4360 1071 4442 (ll.
1090 4358 1189 4425 Kritz.
1209 4357 1249 4425 ad
1266 4358 1297 4423 h.
1321 4359 1371 4442 1.).

210 4466 267 4529 ·l⁰
291 4464 379 4529 Nunc
403 4483 477 4528 vero
492 4485 591 4549 pauca
613 4465 681 4530 loca
702 4486 923 4533 enumeremus
938 4467 991 4552 qui
1008 4466 1144 4551 speciem
1164 4464 1359 4549 singularem
1385 4484 1462 4551 prae-

189 4571 288 4635 bent:
310 4572 380 4655 lug.
401 4571 454 4649 l8,
470 4572 503 4647 9,
526 4569 619 4658 eique
636 4569 740 4657 (Medi
760 4584 792 4638 et
813 4572 975 4659 Armmcii)
993 4584 1125 4639 mature
1152 4569 1275 4661 oppida
1289 4569 1460 4637 babuerat

188 4698 268 4742 nam
295 4677 381 4764 freto
404 4676 503 4743 diuisi
525 4676 567 4743 ab
585 4678 740 4763 Hispania
760 4692 890 4746 mutare
920 4702 971 4747 ces
996 4679 1082 4746 inter
1099 4700 1133 4746 se
1157 4680 1374 4757 instituerant,
1404 4677 1460 4743 ubi
