3360 5528
733 383 926 440 —tto—

196 527 293 592 animi
305 525 451 591 allectum
467 525 646 604 retulerint,
663 525 718 611 qui
737 525 938 592 Ramshornii
953 545 1042 591 error
1061 526 1137 609 est§
1156 524 1231 590 186.
1250 523 1311 590 Sed
1324 541 1389 589 non
1404 519 1468 611 mi·

197 652 257 699 nus
270 633 418 721 frequens
431 632 499 718 ejus
514 643 560 697 est
575 652 650 697 usus
667 633 698 696 in
713 651 819 698 rernm
834 631 1057 717 descriptione,
1069 630 1124 696 ubi
1140 650 1211 716 quaa
1225 638 1320 695 antea
1332 648 1470 714 genera-

199 739 271 806 liter
296 750 387 805 erant
415 737 579 805 enuntiata
608 740 794 804 accuratius
811 741 1023 824 explicantur.
1062 737 1260 803 infinitivum
1290 735 1376 801 enim
1403 754 1468 801 non

199 859 261 912 tam
286 847 328 912 rei
345 845 532 912 enarrandae
553 866 649 932 quam
676 846 873 913 illustrandae
890 844 1033 924 inservit,
1057 843 1250 930 modumque
1276 841 1387 929 agendi
1410 861 1471 907 ex·

199 954 305 1042 plicat.
325 979 339 1014 »
358 954 435 1034 Quae
454 952 583 1039 quidem
598 953 766 1039 explicatio
780 965 811 1018 et
828 953 1023 1039 imperfecta,
1045 964 1075 1017 et
1096 953 1205 1038 aliqua
1220 971 1258 1017 en
1275 959 1364 1036 parte
1385 949 1470 1015 salsa

197 1071 255 1140 est,
278 1060 453 1147 praesertim
476 1080 575 1146 quum
600 1058 793 1126 infinitivum
818 1059 1004 1126 historicum
1028 1058 1250 1144 descriptionis
1269 1077 1397 1145 quoque
1417 1075 1466 1122 ex·

198 1167 372 1254 primendae
398 1187 464 1233 esse
484 1166 664 1246 contendat,
684 1187 779 1253 quern
801 1187 954 1245 errorem,
979 1151 1161 1251 aGrysa'rin
1186 1174 1361 1251 acceptum,
1385 1163 1468 1230 inira

197 1273 406 1340 refutabimus
422 1273 444 1338 ¹.

240 1382 325 1447 Inter
343 1381 564 1466 grammaticos
590 1390 705 1446 nostrae
725 1381 827 1446 aelatis
853 1380 974 1466 primus
998 1389 1045 1446 cst
1066 1382 1245 1465 Kruegerus
1270 1378 1282 1412 ²
1310 1376 1366 1464 qni
1393 1396 1469 1445 vero

199 1487 377 1576 proximum
392 1485 515 1572 aliquid
534 1485 572 1552 de
591 1506 674 1553 earo
690 1488 884 1574 prospexerit
904 1511 911 1554 :
930 1486 997 1566 scd,
1018 1507 1088 1553 mea
1102 1485 1232 1572 quidem
1246 1483 1416 1563 sententia,
1436 1484 1470 1550 in

197 1615 233 1661 eo
251 1592 452 1681 peccatquod
469 1593 663 1659 infinitivum
687 1594 873 1660 historicum
887 1614 959 1660 cum
979 1595 1077 1660 solius
1095 1594 1241 1681 subiecti,
1258 1592 1399 1678 neglecto
1415 1610 1469 1657 ue·

197 1701 333 1767 cessario
358 1700 541 1785 praedicato,
569 1701 775 1785 usurpatione
795 1701 926 1780 confert,
943 1720 1043 1788 quum
1064 1712 1170 1766 tamen
1191 1701 1222 1765 iu
1249 1701 1316 1766 loco
1335 1698 1374 1764 ab
1397 1697 1468 1784 ipso

200 1807 340 1886 laudato,
356 1807 426 1891 Jug.
449 1808 503 1885 51,
518 1807 548 1884 l,
569 1809 725 1889 (ceterum
733 1806 837 1895 socies
855 1806 952 1873 totins
967 1805 1078 1894 nepoti
1089 1805 1197 1886 vorin,
1220 1804 1356 1885 incerto,
1370 1801 1470 1893 [teda

198 1915 298 2001 utque
321 1911 545 1979 miserabilis:
571 1911 712 2002 dispcrsi
729 1935 750 1978 c
768 1914 835 1980 suis
855 1934 937 2002 pars
961 1913 1084 1994 cedere,
1111 1912 1173 1979 atii
1194 1911 1333 1999 insequi,
1363 1932 1470 2000 neque

198 2020 294 2107 siqnu
312 2040 416 2107 neque
436 2016 564 2085 ordines
587 2018 775 2100 observurc3
797 2019 856 2086 ubi
877 2040 1039 2108 quemque
1049 2018 1237 2108 pericnlum
1261 2016 1474 2109 reperandae

199 2127 345 2192 resistere
365 2148 403 2191 cc
422 2125 625 2215 propulsare
633 2151 641 2206 ;
674 2149 782 2208 ormo,
806 2125 882 2208 tela,
911 2125 998 2214 eqni,
1028 2127 1102 2207 viri,
1126 2126 1229 2192 laertes
1253 2137 1351 2213 atque
1383 2123 1472 2190 cives

192 2233 383 2322 peruncti),
410 2255 454 2298 ris
476 2253 586 2299 seusus
612 2253 674 2298 non
697 2236 728 2299 in
751 2234 900 2318 subjectis
922 2236 1037 2320 vigeat,
1064 2232 1119 2299 sed
1142 2233 1174 2299 in
1190 2232 1370 2318 praedicatis
1399 2252 1474 2318 quae

199 2342 336 2426 speciose
358 2353 481 2406 tantum
498 2342 652 2407 attributa
675 2342 749 2407 sint.
767 2342 893 2413 Rectius
916 2341 1012 2426 igitur
1030 2341 1216 2407 contulisset
1230 2359 1301 2405 cum
1318 2337 1474 2423 subJectis

199 2448 316 2533 quilius
335 2447 506 2513 affirmatio
524 2468 578 2534 per
598 2448 802 2534 participium
819 2458 873 2514 aut
889 2449 1078 2536 adjectivum
1094 2447 1242 2535 jungitur
1267 2469 1275 2512 ε
1303 2466 1377 2512 uam
1396 2445 1472 2511 sub-

196 2555 279 2638 jecta
294 2574 355 2619 nnn
372 2566 541 2620 occurrunt
556 2557 634 2621 sola.
658 2556 819 2642 Ejusmodi
836 2555 921 2622 enim
944 2566 1123 2633 structurae,
1146 2555 1306 2630 nonalia,
1328 2551 1473 2619 medium

201 2663 283 2727 inter
301 2663 471 2727 enunciata
494 2682 565 2728 cum
589 2662 693 2728 verbis
712 2662 810 2728 finitis
827 2672 945 2728 structa
961 2673 990 2728 et
1008 2661 1202 2728 infinitivum
1216 2659 1403 2736 historicum
1424 2669 1474 2724 te-

199 2787 274 2834 nere
289 2777 420 2853 possunt
437 2769 551 2833 locum.
903 2845 906 2851 Ι
1131 2789 1133 2794 ·

240 2873 1474 2962 PostillumveroGrysarius³adlrucinveteratisdehacquaestioneerrorilrus

201 2980 352 3061 imbutus,
370 2982 453 3046 inter
474 2983 566 3065 plura
586 3001 660 3047 vera
682 2983 839 3048 nonnulla
854 2982 948 3049 etiam
963 3002 1087 3067 parum
1101 2991 1210 3048 exacta
1228 2981 1374 3068 prrotulit,
1391 2989 1422 3046 et
1439 2980 1475 3045 in

198 3108 255 3154 sua
275 3087 385 3167 histor.
415 3087 505 3154 infin.
534 3088 719 3155 defiuitione
740 3089 898 3176 praecipue
917 3089 1047 3169 errarit,
1064 3089 1172 3155 dicens
1188 3089 1220 3153 in
1241 3108 1276 3154 eo
1293 3087 1394 3153 inesse
1413 3107 1474 3159 cu-

195 3193 322 3280 jusdam
339 3202 439 3260 status
455 3195 487 3260 in
508 3196 668 3281 praeterito
688 3216 759 3263 cum
773 3197 885 3262 ellectu
905 3196 1160 3282 descriptionem,
1177 3196 1231 3283 qui
1250 3214 1304 3281 per
1319 3192 1476 3261 definitas

199 3301 355 3387 quasdam
373 3301 601 3387 speciescitius
619 3303 780 3369 tardiusve
797 3301 930 3368 invicern
944 3303 1146 3369 succedentes
1163 3302 1350 3369 manifestus
1366 3300 1415 3367 [iai

199 3408 284 3475 Satis
298 3409 384 3474 enim
400 3417 522 3475 constat
536 3410 705 3475 celeritatis
726 3420 757 3476 et
780 3410 955 3476 alacritatis
977 3411 1138 3476 notionem
1156 3427 1226 3476 oum
1242 3406 1378 3475 absoluti
1396 3418 1476 3474 tem·

199 3516 285 3600 poris
301 3524 356 3582 aut
375 3526 476 3581 status
501 3516 615 3581 notitia
633 3536 694 3582 non
719 3517 883 3604 conciliari
905 3536 993 3604 posse
1001 3540 1009 3596 3
1029 3537 1102 3582 nam
1117 3517 1142 3582 si
1160 3515 1198 3582 de
1222 3526 1305 3581 statu
1328 3513 1474 3601 quodam

199 3631 322 3708 agatur,
345 3621 468 3709 aliquid
491 3642 554 3688 non
575 3620 741 3689 definitum
761 3624 962 3711 cogitandum
977 3633 1035 3702 est,
1056 3643 1156 3710 quum
1183 3623 1263 3689 actio
1287 3621 1420 3688 definita
1438 3635 1477 3688 ut

198 3728 336 3814 quodam
349 3728 442 3794 modo
456 3740 642 3814 permaneat
656 3749 691 3795 ac
706 3730 799 3796 duret
814 3749 938 3796 neeesse
951 3730 1003 3795 sit.
1097 3782 1099 3787 .

240 3837 313 3901 Post
327 3834 512 3921 Grysarium
533 3836 691 3921 Spiessius
706 3835 744 3903 de
759 3837 916 3925 infinitivo
933 3838 1082 3903 historico
1096 3837 1336 3922 grammaticam
1358 3835 1474 3924 dispu-

158 4003 160 4007 ,
199 3942 350 4008 tationem
371 3943 498 4028 scripsit
521 3935 746 4029 (Wiesbadem,
774 3943 887 4030 1817),
904 3963 1001 4030 quarn
1016 3945 1158 4030 quidem,
1188 3965 1206 4009 a
1231 3943 1473 4012 Badstuebnero

200 4049 278 4135 (1.1.
300 4069 330 4134 p.
356 4049 613 4134 collaudatam,
641 4051 730 4116 nullo
754 4050 846 4116 ruodo
864 4071 974 4136 parare
989 4051 1089 4135 potui.
1115 4051 1283 4117 Praeterire
1302 4070 1377 4117 vero
1406 4071 1475 4118 uon

199 4176 325 4241 possum
344 4156 375 4221 id
396 4155 481 4244 qnod
506 4156 661 4234 Dreisius,
689 4157 720 4222 in
742 4176 900 4241 program.
928 4157 1072 4224 Meldorf.
1104 4157 1202 4233 1837,
1219 4177 1251 4242 p.
1272 4157 1325 4237 11,
1343 4156 1382 4223 ad
1398 4158 1472 4224 Cat.

229 4349 252 4394 l.
265 4346 298 4395 V.
313 4361 375 4410 pag.
395 4349 448 4396 111.

227 4421 250 4469 2.
269 4422 385 4483 Krilper.
401 4418 565 4467 Grammatik
579 4418 625 4467 der
637 4419 723 4469 latein.
737 4418 861 4482 Spraehe.
878 4419 1008 4485 Hauovre,
1025 4422 1094 4477 1812,
1111 4419 1162 4468 rol.
1177 4435 1206 4479 11,
1220 4436 1243 4484 p.
1256 4423 1311 4477 591,
1321 4421 1381 4470 Not.
1399 4424 1421 4471 1.

227 4491 249 4540 3.
265 4491 294 4538 Ε.
313 4491 336 4539 J.
356 4493 468 4552 Grysut'.
489 4489 598 4538 Theorie
617 4489 662 4539 des
679 4489 845 4552 lateinisches
865 4489 951 4538 Stiles.
965 4490 1090 4554 Cologne,
1106 4494 1175 4551 1813,
1189 4491 1249 4541 edit.
1265 4502 1295 4541 11¹
1316 4507 1341 4555 p.
1354 4494 1474 4544 169-185.

228 4561 250 4609 l.
267 4578 279 4604 a
291 4559 446 4607 Esenthalte
461 4558 507 4607 der
521 4558 679 4608 historische
691 4558 799 4608 infinitis
809 4559 849 4609 die
862 4559 909 4608 mit
920 4560 1002 4610 Affeet
1014 4562 1192 4624 gesprochene
1206 4562 1380 4625 Schilderung
1399 4560 1474 4612 eines

196 4644 377 4694 vergangeueu
387 4624 535 4688 Zns'tandes,
554 4629 600 4678 der
619 4631 676 4678 sich
690 4630 715 4678 in
731 4629 926 4681 vereinzelntem
942 4631 1161 4696 Erscheinungen‚
1179 4633 1219 4682 die
1234 4633 1308 4682 mehr
1325 4632 1388 4683 odet·
1403 4631 1474 4683 min·

196 4701 242 4750 der
253 4701 333 4759 rasela
342 4700 430 4751 enleiu
439 4700 520 4750 ander
532 4699 627 4766 tolgan,
642 4701 713 4751 kund
725 4701 790 4768 gibt.
808 4719 821 4746 a
879 4765 880 4768 Ἴ
