3314 5526
734 432 931 488 -115-

186 575 241 655 01,
265 576 297 651 5,
326 594 404 639 nam
428 574 572 639 omct'so
596 588 719 640 recturo
743 574 833 641 velut
850 597 946 664 opere
963 587 1062 663 atque
1078 576 1225 642 consulto
1242 600 1390 669 preceps
1408 581 1456 665 (ex

186 683 366 770 conjectura
382 681 547 757 Dietscbii‚
565 682 724 767 plerisque
736 682 896 748 codicibus
907 683 1019 748 coertio
1033 695 1157 750 noticro
1169 687 1218 751 vel
1230 687 1322 751 omni
1335 697 1458 752 cotztro

186 789 434 872 exhibentibus).
460 789 501 854 At
516 788 595 854 Hist.
614 810 636 861 ι,
665 789 719 865 55,
741 787 793 853 uti
809 787 1049 855 adulescentior
1067 802 1100 856 et
1116 814 1137 856 o
1149 790 1269 881 populi
1288 793 1459 883 soffrcpiis
1521 816 1526 824 ’

188 898 309 980 integer
331 894 424 961 eloti
445 891 632 960 concederet
654 895 826 975 Mamerci,
844 898 999 962 ablativus
1025 898 1211 982 privationis
1234 901 1459 983 intelligendus

187 1015 233 1069 est
256 1003 309 1084 (cl.
333 1000 449 1067 libero
464 1002 532 1068 Cat.
549 1003 581 1081 1,
598 1003 636 1081 23
649 1002 729 1067 Hist.
750 1023 796 1079 ιιι,
812 1003 869 1081 81,
889 1005 946 1088 15;
963 1025 1120 1070 cccccccccc
1133 1007 1200 1072 Cet.
1219 1008 1273 1083 1-1,
1292 1009 1328 1086 1;
1351 1008 1405 1083 51,
1424 1008 1456 1086 1;

188 1130 224 1175 ac
241 1108 412 1194 praesertiin
433 1107 580 1196 quietum
596 1129 618 1172 c
634 1106 724 1174 bellis
736 1107 902 1174 civitatem
916 1109 1008 1192 (llist.
1026 1131 1049 1185 1,
1068 1112 1156 1195 106).

231 1218 266 1283 2⁰
282 1217 487 1282 Accusativus
502 1232 573 1280 cum
589 1235 651 1302 per
664 1234 815 1300 praepos,
834 1217 888 1303 qui
910 1237 982 1283 raro
1003 1218 1284 1303 apudCiccronem
1307 1220 1411 1306 (Veri.
1434 1244 1457 1299 ι,

187 1325 242 1407 21)
259 1324 402 1408 aliosque
419 1343 475 1407 pro
492 1321 631 1387 ablativo
648 1321 848 1388 instrumenti
874 1325 1011 1407 positum
1034 1326 1206 1404 invenitur,
1230 1327 1314 1412 apud
1335 1329 1458 1395 Livium

187 1432 304 1516 saepius
315 1429 423 1512 (um,
433 1449 494 1517 per
508 1448 645 1493 causam
656 1428 808 1494 reuocati
820 1427 978 1516 obliquis
994 1429 1082 1511 belli,
1100 1451 1194 1498 sensu
1209 1435 1357 1521 causali),
1374 1437 1460 1521 apud

188 1536 377 1602 Sallustium
391 1555 465 1601 vero
485 1536 676 1602 creberrime
690 1536 840 1614 occurrit,
857 1538 947 1621 cujus
966 1539 1210 1605 constructionis
1230 1541 1296 1607 haec
1315 1545 1460 1628 exempla

190 1644 322 1710 laudare
336 1645 413 1708 satis
427 1642 514 1708 erit:
538 1662 595 1728 per
611 1642 720 1708 dolum
741 1644 824 1730 (lug.
846 1645 899 1720 ll,
921 1644 959 1723 8;
979 1646 1035 1720 bt,
1058 1646 1107 1729 3);
1134 1666 1191 1731 ρει
1211 1647 1351 1715 laborem
1370 1648 1460 1715 mili·

188 1749 269 1815 tiom
285 1747 454 1815 discebant
470 1750 552 1830 (Cet.
571 1750 604 1826 7·‚
622 1749 673 1834 1);
690 1768 746 1835 ρει
762 1750 923 1816 licentiam
939 1752 1021 1833 (Cat.
1039 1753 1072 1830 6,
1089 1743 1140 1836 7)ζ
1157 1774 1265 1820 cortice
1281 1755 1387 1820 emori
1406 1776 1460 1841 ρει

188 1857 336 1922 virtutem
347 1866 487 1943 prestat
500 1877 602 1943 quom
617 1855 720 1922 vitam
735 1854 890 1922 miser’cm
905 1867 1004 1943 etque
1019 1855 1225 1922 inhonestam
1238 1892 1282 1907 --
1295 1879 1350 1945 per
1364 1859 1459 1924 dedc-

191 1985 245 2030 cus
266 1962 441 2029 omittere?
461 1962 544 2048 (Cat.
560 1964 615 2039 20,
633 1962 684 2047 9);
700 1961 758 2029 sed
771 1961 916 2029 medium
931 1963 1077 2052 spatium
1096 1974 1157 2028 out
1176 1984 1231 2049 ρει
1247 1965 1459 2032 bumilitatem

87 2120 88 2123 ,
188 2069 343 2135 obrutum
358 2079 415 2149 est,
432 2081 494 2135 out
509 2086 563 2154 per
578 2071 756 2156 angustiam
771 2070 907 2136 scissum
918 2072 958 2153 (H
963 2071 1012 2136 ist.
1032 2091 1075 2148 ιιι,
1095 2071 1163 2154 35);
1184 2090 1239 2156 ρει
1257 2073 1383 2137 sceleris
1401 2066 1460 2138 im·

187 2178 374 2244 manitatem
393 2174 503 2242 adbuc
522 2186 611 2242 tutus
622 2176 694 2264 ficit
707 2178 800 2260 (Hist.
818 2199 839 2257 1,
858 2177 972 2262 libb).

237 2311 249 2342 ι
268 2284 419 2348 Pluribus
433 2283 509 2348 locis
525 2292 579 2348 aut
594 2283 779 2349 adverbium
795 2283 999 2370 conjunctum
1015 2283 1206 2364 invenimus,
1221 2295 1254 2350 ut
1268 2285 1337 2352 Cat.
1357 2286 1409 2356 13,
1424 2288 1457 2362 2,

189 2390 311 2479 quippe
333 2410 417 2477 quos
431 2391 560 2455 honeste
580 2387 701 2455 dobere
716 2386 846 2470 licebat,
869 2387 966 2455 oborti
980 2410 1034 2476 ρει
1049 2391 1282 2476 turpitudinem
1294 2413 1459 2481 propero-

190 2495 286 2577 bont3
305 2498 359 2570 m,
377 2498 410 2576 02,
428 2497 604 2562 inconsulte
623 2516 662 2561 ce
673 2495 774 2561 veluti
784 2517 839 2581 ρει
851 2497 1043 2562 dementium
1058 2508 1175 2562 cuncto
1189 2496 1456 2586 simrclcpebcnt;

192 2615 248 2669 cut
263 2604 438 2669 ablativum
454 2604 570 2682 solum,
586 2604 698 2688 utlug.
717 2603 771 2680 23,
791 2604 822 2680 1,
833 2615 892 2669 out
902 2623 958 2689 ρει
970 2604 1032 2669 vim
1043 2614 1104 2669 out
1118 2604 1199 2670 dolis
1211 2615 1388 2694 temptare;
1403 2606 1456 2692 (cl.

188 2712 259 2796 lug.
279 2711 311 2787 7,
331 2712 365 2790 l;
383 2710 438 2786 86,
463 2711 499 2786 33
521 2711 601 2776 Hist.
622 2730 644 2789 1,
662 2711 717 2790 51,
739 2711 793 2789 15,
811 2723 841 2776 ει
857 2711 923 2776 biv.
947 2711 1001 2790 30,
1024 2711 1057 2788 8,
1079 2709 1186 2776 medlo
1201 2711 1286 2788 dolo,
1300 2711 1461 2802 pleraque

192 2817 325 2904 pervim
342 2814 579 2901 cudebantur);
599 2827 654 2883 aut
669 2829 841 2903 utrumque
857 2827 891 2884 ot
907 2820 978 2903 lug.
1002 2819 1033 2894 1,
1056 2819 1089 2897 7,
1110 2819 1219 2886 furtim
1239 2829 1271 2884 et
1286 2839 1342 2904 per
1362 2823 1461 2886 latro·

189 2925 274 2990 cinia
293 2923 402 3010 mopis
418 2942 521 3010 quom
544 2924 634 2989 bonis
658 2925 781 2989 artibus
802 2922 848 2989 od
870 2924 1013 3014 imperio
1035 2936 1067 2990 et
1090 2923 1228 2991 bonores
1252 2925 1416 2993 nituntur.
1446 2954 1456 2986 ι

191 3031 447 3115 (Badstuebner).

233 3137 281 3202 nd
301 3156 398 3224 quam
412 3139 677 3202 constructionem
693 3137 926 3222 explicandam,
944 3137 1123 3203 Dietschius
1143 3136 1183 3202 ad
1197 3138 1267 3203 Cat.
1283 3140 1337 3217 20,
1356 3140 1376 3204 1
1392 3142 1462 3221 (ιιι-

190 3264 252 3331 que
265 3264 324 3332 epo
336 3265 399 3332 per
417 3242 589 3330 iqnociom
608 3253 669 3308 out
687 3264 774 3328 cano
794 3242 927 3331 incenia
950 3242 1075 3309 incerto
1082 3263 1149 3330 pro
1164 3242 1259 3309 certis
1280 3251 1460 3332 captorem)

189 3350 278 3416 docet
290 3370 354 3438 per
375 3351 629 3436 prepositionem
645 3369 717 3415 oum
731 3351 928 3416 substantivo
946 3351 1102 3416 abstracto
1122 3350 1323 3436 conjunctam
1339 3372 1463 3438 semper

190 3457 368 3542 significare
384 3476 448 3542 qua
462 3457 585 3522 ratione
597 3456 636 3531 is,
653 3457 691 3522 de
706 3476 769 3542 quo
782 3456 918 3536 dicatur,
937 3476 1002 3522 rem
1017 3476 1107 3523 suam
1124 3469 1208 3541 agat,
1228 3458 1272 3522 ita
1289 3460 1402 3524 utlere
1418 3460 1463 3525 in-

190 3574 257 3630 star
271 3563 413 3629 adverbii
427 3564 479 3628 sit.
499 3564 718 3634 Bedstuebner
731 3564 854 3649 probat,
872 3566 925 3629 sed
943 3575 1045 3630 tomen
1062 3575 1159 3629 totam
1169 3563 1294 3630 dicendi
1307 3565 1463 3632 rationem

190 3671 229 3736 ad
257 3671 402 3736 Sallustii
433 3670 578 3735 variandi
613 3671 788 3736 orationem
817 3671 960 3736 studium
994 3672 1152 3756 pertinere
1184 3680 1286 3755 putat,
1314 3673 1462 3756 pluribus

189 3776 436 3862 exemplisllug.
456 3777 487 3854 5,
503 3778 539 3853 t;
559 3778 615 3855 020,
633 3778 665 3856 1,
678 3778 769 3862 etc),
783 3777 815 3843 in
834 3779 950 3861 ciuibus
969 3778 1128 3844 ablativus
1147 3799 1252 3844 mortu
1272 3789 1384 3858 exstat,
1405 3799 1462 3865 op·

192 3903 310 3969 ponens
327 3884 432 3948 locum
446 3884 517 3968 lug.
538 3885 591 3958 31,
607 3885 662 3961 11,
680 3881 962 3950 octserot'mclum
980 3905 1044 3949 csse
1060 3895 1121 3949 out
1137 3903 1190 3970 ρει
1204 3905 1321 3954 ιιιειιιιι,
1334 3883 1463 3951 liberte·

192 4002 257 4056 tem
276 3986 495 4072 retinendam,
511 3990 565 4055 ubi
578 4011 641 4079 per
655 3991 838 4076 praepositio
853 4010 1000 4076 expressa
1015 4005 1061 4056 est
1083 4014 1091 4056 :
1113 4012 1184 4077 quae
1203 3991 1333 4079 quidem
1352 3994 1465 4076 expla-

190 4098 290 4176 natio,
304 4096 330 4161 si
349 4097 387 4161 iis
406 4097 496 4176 locis,
512 4099 635 4182 quibus
647 4099 835 4182 duplenaut
849 4098 963 4183 triplex
980 4108 1140 4163 structura
1156 4097 1302 4164 adhibita
1317 4112 1463 4185 apparet,

192 4205 269 4269 sutis
286 4204 461 4289 probabilis
483 4213 540 4278 est„
557 4206 648 4269 nullo
662 4205 756 4280 modo
772 4205 909 4270 aliorum
925 4205 1155 4286 exemplorum,
1171 4207 1273 4272 multo
1295 4225 1371 4272 sane
1392 4200 1465 4293 plu-

191 4312 289 4384 rium,
304 4311 459 4375 rationem
476 4311 590 4376 reddit.
609 4312 672 4394 Ego
688 4332 760 4376 vero
780 4312 924 4377 existimo
948 4312 988 4378 ad
1008 4331 1077 4378 eam
1097 4322 1291 4385 structuram
1312 4313 1464 4379 adductos

191 4418 289 4482 luisse
304 4417 664 4503 Sallustiumaliosque,
683 4429 774 4485 aucto
793 4419 948 4504 paulatim
959 4439 1018 4485 usu
1030 4419 1273 4485 constructionis
1286 4420 1386 4498 illius,
1399 4440 1464 4506 qua

185 4544 251 4611 per
275 4543 409 4608 praepos.
436 4542 506 4589 cum
533 4525 660 4590 nomine
687 4544 827 4609 personae
840 4524 964 4610 juncta,
987 4544 1059 4591 eum
1088 4525 1234 4614 designet
1249 4526 1340 4613 cujus
1356 4546 1416 4613 ορε
1431 4536 1462 4592 ει

192 4679 329 4729 delendam
344 4668 441 4737 censet,
461 4683 534 4745 cujus
556 4687 709 4745 argumenta
723 4682 833 4746 alicujus
849 4682 961 4732 nomenti
978 4697 1034 4731 esse
1050 4688 1163 4747 possent,
1179 4682 1228 4731 nisi
1243 4694 1330 4732 cetera
1345 4681 1460 4732 Sallustii

192 4760 305 4824 genuine
322 4761 507 4824 exemplarem
523 4767 602 4810 totam
612 4762 751 4811 traherent.
