<?xml version="1.0" encoding="UTF-8"?>
<!DOCTYPE html PUBLIC "-//W3C//DTD XHTML 1.0 Transitional//EN"
    "http://www.w3.org/TR/xhtml1/DTD/xhtml1-transitional.dtd">
<html xmlns="http://www.w3.org/1999/xhtml" xml:lang="en" lang="en">
 <head>
  <title>
</title>
<meta http-equiv="Content-Type" content="text/html;charset=utf-8" />
  <meta name='ocr-system' content='tesseract 3.04.00' />
  <meta name='ocr-capabilities' content='ocr_page ocr_carea ocr_par ocr_line ocrx_word'/>
</head>
<body>
  <div class='ocr_page' id='page_1' title='image "./desermonesallus00consgoog_0090.png"; bbox 0 0 3314 5526; ppageno 0'>
   <div class='ocr_carea' id='block_1_1' title="bbox 743 423 921 480">
    <p class='ocr_par' dir='ltr' id='par_1_1' title="bbox 743 423 921 480">
     <span class='ocr_line' id='line_1_1' title="bbox 743 423 921 480; baseline 0.006 -16"><span class='ocrx_word' id='word_1_1' title='bbox 743 423 921 480; x_wconf 76' lang='lat'>..71-</span> 
     </span>
    </p>
   </div>
   <div class='ocr_carea' id='block_1_2' title="bbox 189 560 1462 973">
    <p class='ocr_par' dir='ltr' id='par_1_2' title="bbox 189 560 1462 861">
     <span class='ocr_line' id='line_1_2' title="bbox 191 560 1462 653; baseline 0.005 -27"><span class='ocrx_word' id='word_1_2' title='bbox 191 560 235 627; x_wconf 90' lang='lat' dir='ltr'>lio</span> <span class='ocrx_word' id='word_1_3' title='bbox 249 564 344 650; x_wconf 70' lang='lat' dir='ltr'>epet3&#39;</span> <span class='ocrx_word' id='word_1_4' title='bbox 360 563 439 628; x_wconf 87' lang='lat' dir='ltr'>llist.</span> <span class='ocrx_word' id='word_1_5' title='bbox 453 582 501 640; x_wconf 91' lang='grc' dir='ltr'>ιιι,</span> <span class='ocrx_word' id='word_1_6' title='bbox 525 563 555 639; x_wconf 94' lang='lat' dir='ltr'>l,</span> <span class='ocrx_word' id='word_1_7' title='bbox 575 563 606 640; x_wconf 89' lang='lat'>7,</span> <span class='ocrx_word' id='word_1_8' title='bbox 623 582 767 652; x_wconf 88' lang='lat' dir='ltr'>namque</span> <span class='ocrx_word' id='word_1_9' title='bbox 782 561 985 653; x_wconf 76' lang='lat' dir='ltr'><em>stipendium</em></span> <span class='ocrx_word' id='word_1_10' title='bbox 1001 563 1113 630; x_wconf 78' lang='lat' dir='ltr'>ricutri</span> <span class='ocrx_word' id='word_1_11' title='bbox 1125 561 1236 644; x_wconf 85' lang='lat' dir='ltr'>datur,</span> <span class='ocrx_word' id='word_1_12' title='bbox 1254 565 1358 631; x_wconf 90' lang='lat' dir='ltr'>uictor</span> <span class='ocrx_word' id='word_1_13' title='bbox 1377 577 1462 633; x_wconf 83' lang='lat' dir='ltr'>reter-</span> 
     </span>
     <span class='ocr_line' id='line_1_3' title="bbox 189 667 1459 758; baseline 0.005 -23"><span class='ocrx_word' id='word_1_14' title='bbox 189 689 252 756; x_wconf 82' lang='lat' dir='ltr'>que</span> <span class='ocrx_word' id='word_1_15' title='bbox 268 667 303 735; x_wconf 90' lang='lat' dir='ltr'>in</span> <span class='ocrx_word' id='word_1_16' title='bbox 316 667 452 734; x_wconf 89' lang='lat' dir='ltr'>Italiam</span> <span class='ocrx_word' id='word_1_17' title='bbox 469 667 579 734; x_wconf 87' lang='lat' dir='ltr'>uenire</span> <span class='ocrx_word' id='word_1_18' title='bbox 594 679 710 757; x_wconf 86' lang='lat' dir='ltr'>potest.</span> <span class='ocrx_word' id='word_1_19' title='bbox 734 669 795 755; x_wconf 83' lang='lat' dir='ltr'>(Ad</span> <span class='ocrx_word' id='word_1_20' title='bbox 811 671 970 756; x_wconf 77' lang='lat' dir='ltr'>pluralem</span> <span class='ocrx_word' id='word_1_21' title='bbox 984 670 1075 758; x_wconf 88' lang='lat' dir='ltr'>qood·</span> <span class='ocrx_word' id='word_1_22' title='bbox 1090 672 1204 738; x_wconf 87' lang='lat' dir='ltr'>altioet</span> <span class='ocrx_word' id='word_1_23' title='bbox 1217 691 1400 752; x_wconf 86' lang='lat' dir='ltr'>numerum,</span> <span class='ocrx_word' id='word_1_24' title='bbox 1419 674 1459 741; x_wconf 85' lang='lat' dir='ltr'>cl.</span> 
     </span>
     <span class='ocr_line' id='line_1_4' title="bbox 189 775 743 861; baseline -0.002 -18"><span class='ocrx_word' id='word_1_25' title='bbox 189 777 288 850; x_wconf 85' lang='lat' dir='ltr'>l&#39;aoit.</span> <span class='ocrx_word' id='word_1_26' title='bbox 307 777 388 842; x_wconf 87' lang='lat' dir='ltr'>Hist.</span> <span class='ocrx_word' id='word_1_27' title='bbox 404 777 437 856; x_wconf 85' lang='grc'>2,</span> <span class='ocrx_word' id='word_1_28' title='bbox 455 775 515 854; x_wconf 83' lang='grc'>97;</span> <span class='ocrx_word' id='word_1_29' title='bbox 531 777 562 854; x_wconf 78' lang='grc' dir='ltr'>ι,</span> <span class='ocrx_word' id='word_1_30' title='bbox 580 777 636 856; x_wconf 74' lang='lat' dir='ltr'>ab,</span> <span class='ocrx_word' id='word_1_31' title='bbox 652 777 743 861; x_wconf 87' lang='lat' dir='ltr'>etc.).</span> 
     </span>
    </p>

    <p class='ocr_par' dir='ltr' id='par_1_3' title="bbox 225 866 1461 973">
     <span class='ocr_line' id='line_1_5' title="bbox 225 866 1461 973; baseline 0.005 -24"><span class='ocrx_word' id='word_1_32' title='bbox 225 866 294 949; x_wconf 85' lang='lat' dir='ltr'>¹Pro</span> <span class='ocrx_word' id='word_1_33' title='bbox 319 883 463 970; x_wconf 86' lang='lat' dir='ltr'>apposito</span> <span class='ocrx_word' id='word_1_34' title='bbox 489 883 676 970; x_wconf 84' lang='lat' dir='ltr'><strong>pronomine</strong></span> <span class='ocrx_word' id='word_1_35' title='bbox 701 895 849 971; x_wconf 87' lang='lat' dir='ltr'>uterque,</span> <span class='ocrx_word' id='word_1_36' title='bbox 877 884 994 970; x_wconf 85' lang='lat' dir='ltr'>saepius</span> <span class='ocrx_word' id='word_1_37' title='bbox 1020 883 1152 973; x_wconf 86' lang='lat' dir='ltr'>utrique</span> <span class='ocrx_word' id='word_1_38' title='bbox 1180 886 1301 971; x_wconf 82' lang='lat' dir='ltr'>plurali</span> <span class='ocrx_word' id='word_1_39' title='bbox 1329 907 1461 955; x_wconf 89' lang='lat' dir='ltr'>numero</span> 
     </span>
    </p>
   </div>
   <div class='ocr_carea' id='block_1_3' title="bbox 155 989 1489 3752">
    <p class='ocr_par' dir='ltr' id='par_1_4' title="bbox 155 989 1465 2683">
     <span class='ocr_line' id='line_1_6' title="bbox 189 989 1461 1078; baseline 0.006 -23"><span class='ocrx_word' id='word_1_40' title='bbox 189 990 319 1057; x_wconf 82' lang='lat' dir='ltr'>adhibet</span> <span class='ocrx_word' id='word_1_41' title='bbox 330 991 515 1070; x_wconf 82' lang='lat' dir='ltr'>Sallustius,</span> <span class='ocrx_word' id='word_1_42' title='bbox 531 991 616 1078; x_wconf 90' lang='lat' dir='ltr'>quod</span> <span class='ocrx_word' id='word_1_43' title='bbox 630 1005 701 1057; x_wconf 86' lang='lat' dir='ltr'>onor</span> <span class='ocrx_word' id='word_1_44' title='bbox 714 991 872 1057; x_wconf 86' lang='lat' dir='ltr'>annullati</span> <span class='ocrx_word' id='word_1_45' title='bbox 885 989 1071 1078; x_wconf 87' lang='lat' dir='ltr'>subjectum</span> <span class='ocrx_word' id='word_1_46' title='bbox 1085 993 1138 1071; x_wconf 88' lang='lat' dir='ltr'>sit,</span> <span class='ocrx_word' id='word_1_47' title='bbox 1150 992 1223 1078; x_wconf 88' lang='lat' dir='ltr'>jure</span> <span class='ocrx_word' id='word_1_48' title='bbox 1238 1003 1314 1061; x_wconf 86' lang='lat' dir='ltr'>tuno</span> <span class='ocrx_word' id='word_1_49' title='bbox 1328 995 1461 1062; x_wconf 83' lang='lat' dir='ltr'>verbum</span> 
     </span>
     <span class='ocr_line' id='line_1_7' title="bbox 188 1082 1463 1184; baseline 0.003 -21"><span class='ocrx_word' id='word_1_50' title='bbox 188 1097 306 1184; x_wconf 82' lang='lat' dir='ltr'>plurali</span> <span class='ocrx_word' id='word_1_51' title='bbox 328 1116 461 1163; x_wconf 86' lang='lat' dir='ltr'>numero</span> <span class='ocrx_word' id='word_1_52' title='bbox 486 1106 684 1183; x_wconf 88' lang='lat' dir='ltr'>usurpatur:</span> <span class='ocrx_word' id='word_1_53' title='bbox 710 1098 778 1163; x_wconf 84' lang='lat' dir='ltr'>Cot.</span> <span class='ocrx_word' id='word_1_54' title='bbox 801 1098 855 1175; x_wconf 86' lang='grc'>38,</span> <span class='ocrx_word' id='word_1_55' title='bbox 885 1099 917 1176; x_wconf 80' lang='grc' dir='ltr'>ι,</span> <span class='ocrx_word' id='word_1_56' title='bbox 940 1099 1068 1183; x_wconf 84' lang='lat' dir='ltr'>utrique</span> <span class='ocrx_word' id='word_1_57' title='bbox 1091 1097 1264 1165; x_wconf 86' lang='lat' dir='ltr'>uictoriam</span> <span class='ocrx_word' id='word_1_58' title='bbox 1285 1082 1463 1168; x_wconf 80' lang='lat' dir='ltr'>crrrdeliter</span> 
     </span>
     <span class='ocr_line' id='line_1_8' title="bbox 188 1201 1462 1295; baseline 0.003 -25"><span class='ocrx_word' id='word_1_59' title='bbox 188 1201 392 1283; x_wconf 83' lang='lat' dir='ltr'>ecercebnnt,</span> <span class='ocrx_word' id='word_1_60' title='bbox 411 1204 463 1271; x_wconf 92' lang='lat' dir='ltr'>nbi</span> <span class='ocrx_word' id='word_1_61' title='bbox 478 1203 610 1291; x_wconf 87' lang='lat' dir='ltr'>utrique</span> <span class='ocrx_word' id='word_1_62' title='bbox 624 1204 762 1270; x_wconf 81' lang='lat' dir='ltr'>refertur</span> <span class='ocrx_word' id='word_1_63' title='bbox 777 1205 817 1270; x_wconf 91' lang='lat' dir='ltr'>ad</span> <span class='ocrx_word' id='word_1_64' title='bbox 835 1205 930 1271; x_wconf 88' lang='lat' dir='ltr'>verba</span> <span class='ocrx_word' id='word_1_65' title='bbox 945 1225 1117 1290; x_wconf 83' lang='lat' dir='ltr'>praegresso</span> <span class='ocrx_word' id='word_1_66' title='bbox 1137 1204 1237 1271; x_wconf 85' lang='lat' dir='ltr'>elii...</span> <span class='ocrx_word' id='word_1_67' title='bbox 1252 1228 1347 1295; x_wconf 85' lang='lat' dir='ltr'>pars,</span> <span class='ocrx_word' id='word_1_68' title='bbox 1374 1207 1462 1274; x_wconf 86' lang='lat' dir='ltr'>ideo-</span> 
     </span>
     <span class='ocr_line' id='line_1_9' title="bbox 188 1310 1460 1399; baseline 0.002 -21"><span class='ocrx_word' id='word_1_69' title='bbox 188 1331 249 1399; x_wconf 87' lang='lat' dir='ltr'>que</span> <span class='ocrx_word' id='word_1_70' title='bbox 260 1310 429 1398; x_wconf 84' lang='lat' dir='ltr'>singularis</span> <span class='ocrx_word' id='word_1_71' title='bbox 440 1331 590 1378; x_wconf 88' lang='lat' dir='ltr'>numerus</span> <span class='ocrx_word' id='word_1_72' title='bbox 606 1313 755 1397; x_wconf 89' lang='lat' dir='ltr'>usurpari</span> <span class='ocrx_word' id='word_1_73' title='bbox 769 1311 890 1397; x_wconf 84' lang='lat' dir='ltr'>nequit3</span> <span class='ocrx_word' id='word_1_74' title='bbox 906 1312 958 1397; x_wconf 86' lang='lat' dir='ltr'>(ol.</span> <span class='ocrx_word' id='word_1_75' title='bbox 974 1312 1043 1378; x_wconf 85' lang='lat' dir='ltr'>Cat.</span> <span class='ocrx_word' id='word_1_76' title='bbox 1060 1314 1114 1390; x_wconf 77' lang='lat' dir='ltr'>lb,</span> <span class='ocrx_word' id='word_1_77' title='bbox 1127 1315 1160 1392; x_wconf 90' lang='grc'>2,</span> <span class='ocrx_word' id='word_1_78' title='bbox 1173 1317 1285 1399; x_wconf 91' lang='lat' dir='ltr'>supra)</span> <span class='ocrx_word' id='word_1_79' title='bbox 1295 1337 1304 1394; x_wconf 92' lang='grc'><strong>;</strong></span> <span class='ocrx_word' id='word_1_80' title='bbox 1315 1316 1387 1399; x_wconf 79' lang='lat' dir='ltr'>lug.</span> <span class='ocrx_word' id='word_1_81' title='bbox 1406 1316 1460 1393; x_wconf 87' lang='lat' dir='ltr'>l5,</span> 
     </span>
     <span class='ocr_line' id='line_1_10' title="bbox 155 1416 1462 1509; baseline 0.002 -24"><span class='ocrx_word' id='word_1_82' title='bbox 155 1503 158 1509; x_wconf 21' lang='grc' dir='ltr'>Ι</span> <span class='ocrx_word' id='word_1_83' title='bbox 188 1420 221 1498; x_wconf 93' lang='grc'>2,</span> <span class='ocrx_word' id='word_1_84' title='bbox 241 1416 646 1505; x_wconf 80' lang='lat' dir='ltr'>deindeutriquocuriam</span> <span class='ocrx_word' id='word_1_85' title='bbox 661 1416 886 1506; x_wconf 85' lang='lat' dir='ltr'>eprediuntur,</span> <span class='ocrx_word' id='word_1_86' title='bbox 910 1418 963 1484; x_wconf 92' lang='lat' dir='ltr'>ubi</span> <span class='ocrx_word' id='word_1_87' title='bbox 979 1419 1017 1485; x_wconf 85' lang='lat' dir='ltr'>de</span> <span class='ocrx_word' id='word_1_88' title='bbox 1033 1419 1212 1485; x_wconf 81' lang='lat' dir='ltr'>Adherbale</span> <span class='ocrx_word' id='word_1_89' title='bbox 1233 1430 1263 1485; x_wconf 92' lang='grc' dir='ltr'>ιι</span> <span class='ocrx_word' id='word_1_90' title='bbox 1281 1421 1391 1505; x_wconf 84' lang='lat' dir='ltr'>legatis</span> <span class='ocrx_word' id='word_1_91' title='bbox 1405 1422 1462 1487; x_wconf 90' lang='lat' dir='ltr'>ln-</span> 
     </span>
     <span class='ocr_line' id='line_1_11' title="bbox 188 1525 1459 1614; baseline 0.002 -22"><span class='ocrx_word' id='word_1_92' title='bbox 188 1526 312 1612; x_wconf 82' lang='lat' dir='ltr'>gurlbac</span> <span class='ocrx_word' id='word_1_93' title='bbox 328 1527 447 1592; x_wconf 91' lang='lat' dir='ltr'>dictum</span> <span class='ocrx_word' id='word_1_94' title='bbox 461 1537 518 1605; x_wconf 89' lang='lat' dir='ltr'>est,</span> <span class='ocrx_word' id='word_1_95' title='bbox 536 1545 637 1611; x_wconf 89' lang='lat' dir='ltr'>quere</span> <span class='ocrx_word' id='word_1_96' title='bbox 650 1525 787 1611; x_wconf 89' lang='lat' dir='ltr'>pluralis</span> <span class='ocrx_word' id='word_1_97' title='bbox 803 1545 955 1591; x_wconf 89' lang='lat' dir='ltr'>numerus</span> <span class='ocrx_word' id='word_1_98' title='bbox 971 1526 1168 1592; x_wconf 87' lang='lat' dir='ltr'>necessarius</span> <span class='ocrx_word' id='word_1_99' title='bbox 1183 1537 1246 1606; x_wconf 89' lang='lat' dir='ltr'>est;</span> <span class='ocrx_word' id='word_1_100' title='bbox 1261 1529 1301 1593; x_wconf 90' lang='lat' dir='ltr'>cl.</span> <span class='ocrx_word' id='word_1_101' title='bbox 1315 1529 1387 1614; x_wconf 82' lang='lat' dir='ltr'>lug.</span> <span class='ocrx_word' id='word_1_102' title='bbox 1403 1530 1459 1608; x_wconf 90' lang='grc'>22,</span> 
     </span>
     <span class='ocr_line' id='line_1_12' title="bbox 190 1630 1461 1721; baseline 0.003 -23"><span class='ocrx_word' id='word_1_103' title='bbox 190 1635 222 1710; x_wconf 87' lang='grc'>5,</span> <span class='ocrx_word' id='word_1_104' title='bbox 242 1636 289 1698; x_wconf 88' lang='lat' dir='ltr'>ita</span> <span class='ocrx_word' id='word_1_105' title='bbox 301 1632 434 1720; x_wconf 83' lang='lat' dir='ltr'>utrique</span> <span class='ocrx_word' id='word_1_106' title='bbox 450 1633 618 1717; x_wconf 80' lang='lat' dir='ltr'>(Iugurtha</span> <span class='ocrx_word' id='word_1_107' title='bbox 634 1642 664 1698; x_wconf 88' lang='lat' dir='ltr'>et</span> <span class='ocrx_word' id='word_1_108' title='bbox 677 1641 739 1698; x_wconf 83' lang='lat' dir='ltr'>tres</span> <span class='ocrx_word' id='word_1_109' title='bbox 757 1632 849 1719; x_wconf 87' lang='lat' dir='ltr'>legati</span> <span class='ocrx_word' id='word_1_110' title='bbox 867 1635 1007 1718; x_wconf 88' lang='lat' dir='ltr'>senatus)</span> <span class='ocrx_word' id='word_1_111' title='bbox 1025 1630 1268 1721; x_wconf 79' lang='lat' dir='ltr'>diprediantur.</span> <span class='ocrx_word' id='word_1_112' title='bbox 1287 1636 1388 1702; x_wconf 90' lang='lat' dir='ltr'>Paulo</span> <span class='ocrx_word' id='word_1_113' title='bbox 1404 1636 1461 1702; x_wconf 91' lang='lat' dir='ltr'>ali-</span> 
     </span>
     <span class='ocr_line' id='line_1_13' title="bbox 190 1738 1465 1828; baseline 0.001 -22"><span class='ocrx_word' id='word_1_114' title='bbox 190 1741 317 1808; x_wconf 84' lang='lat' dir='ltr'>torGal.</span> <span class='ocrx_word' id='word_1_115' title='bbox 336 1741 391 1817; x_wconf 80' lang='lat' dir='ltr'>to,</span> <span class='ocrx_word' id='word_1_116' title='bbox 409 1741 441 1818; x_wconf 82' lang='lat' dir='ltr'>l,</span> <span class='ocrx_word' id='word_1_117' title='bbox 459 1738 491 1804; x_wconf 89' lang='lat' dir='ltr'>ci</span> <span class='ocrx_word' id='word_1_118' title='bbox 511 1739 642 1826; x_wconf 86' lang='lat' dir='ltr'>utrique</span> <span class='ocrx_word' id='word_1_119' title='bbox 662 1740 712 1821; x_wconf 86' lang='lat' dir='ltr'>(Q.</span> <span class='ocrx_word' id='word_1_120' title='bbox 732 1739 875 1807; x_wconf 88' lang='lat' dir='ltr'>Marcius·</span> <span class='ocrx_word' id='word_1_121' title='bbox 890 1741 953 1806; x_wconf 79' lang='lat' dir='ltr'>Rex</span> <span class='ocrx_word' id='word_1_122' title='bbox 973 1749 1003 1806; x_wconf 91' lang='grc' dir='ltr'>ιι</span> <span class='ocrx_word' id='word_1_123' title='bbox 1017 1741 1054 1820; x_wconf 81' lang='lat' dir='ltr'>Q.</span> <span class='ocrx_word' id='word_1_124' title='bbox 1077 1741 1222 1807; x_wconf 74' lang='lat' dir='ltr'>Metellus</span> <span class='ocrx_word' id='word_1_125' title='bbox 1237 1740 1392 1828; x_wconf 79' lang='lat' dir='ltr'>Creticus)</span> <span class='ocrx_word' id='word_1_126' title='bbox 1418 1739 1465 1807; x_wconf 90' lang='lat' dir='ltr'>ad</span> 
     </span>
     <span class='ocr_line' id='line_1_14' title="bbox 189 1835 1463 1935; baseline 0.002 -23"><span class='ocrx_word' id='word_1_127' title='bbox 189 1835 306 1913; x_wconf 74' lang='lat' dir='ltr'>mrem</span> <span class='ocrx_word' id='word_1_128' title='bbox 321 1846 537 1935; x_wconf 87' lang='lat' dir='ltr'>imperatores</span> <span class='ocrx_word' id='word_1_129' title='bbox 549 1857 656 1926; x_wconf 90' lang='lat' dir='ltr'>erant,</span> <span class='ocrx_word' id='word_1_130' title='bbox 674 1846 726 1912; x_wconf 90' lang='lat' dir='ltr'>ubi</span> <span class='ocrx_word' id='word_1_131' title='bbox 743 1847 783 1913; x_wconf 92' lang='lat' dir='ltr'>ad</span> <span class='ocrx_word' id='word_1_132' title='bbox 797 1866 971 1933; x_wconf 88' lang='lat' dir='ltr'>pronomen</span> <span class='ocrx_word' id='word_1_133' title='bbox 987 1845 1018 1912; x_wconf 89' lang='lat' dir='ltr'>ei</span> <span class='ocrx_word' id='word_1_134' title='bbox 1036 1847 1212 1932; x_wconf 87' lang='lat' dir='ltr'>subjeetum</span> <span class='ocrx_word' id='word_1_135' title='bbox 1231 1859 1385 1934; x_wconf 88' lang='lat' dir='ltr'>tauquam</span> <span class='ocrx_word' id='word_1_136' title='bbox 1405 1869 1463 1935; x_wconf 91' lang='lat' dir='ltr'>ap·</span> 
     </span>
     <span class='ocr_line' id='line_1_15' title="bbox 190 1952 1462 2041; baseline 0.002 -23"><span class='ocrx_word' id='word_1_137' title='bbox 190 1954 305 2038; x_wconf 84' lang='lat' dir='ltr'>positio</span> <span class='ocrx_word' id='word_1_138' title='bbox 323 1953 460 2020; x_wconf 79' lang='lat' dir='ltr'>refertur</span> <span class='ocrx_word' id='word_1_139' title='bbox 480 1952 628 2040; x_wconf 82' lang='lat' dir='ltr'>utrique3</span> <span class='ocrx_word' id='word_1_140' title='bbox 646 1966 678 2018; x_wconf 89' lang='grc' dir='ltr'>ιι</span> <span class='ocrx_word' id='word_1_141' title='bbox 698 1953 755 2019; x_wconf 91' lang='lat' dir='ltr'>boc</span> <span class='ocrx_word' id='word_1_142' title='bbox 778 1954 845 2018; x_wconf 89' lang='lat' dir='ltr'>loeo</span> <span class='ocrx_word' id='word_1_143' title='bbox 865 1964 1002 2041; x_wconf 83' lang='lat' dir='ltr'>uterque</span> <span class='ocrx_word' id='word_1_144' title='bbox 1018 1955 1107 2020; x_wconf 89' lang='lat' dir='ltr'>nullo</span> <span class='ocrx_word' id='word_1_145' title='bbox 1127 1955 1220 2020; x_wconf 90' lang='lat' dir='ltr'>modo</span> <span class='ocrx_word' id='word_1_146' title='bbox 1236 1955 1385 2041; x_wconf 90' lang='lat' dir='ltr'>usurpari</span> <span class='ocrx_word' id='word_1_147' title='bbox 1405 1974 1462 2041; x_wconf 92' lang='lat' dir='ltr'>po·</span> 
     </span>
     <span class='ocr_line' id='line_1_16' title="bbox 188 2058 1463 2148; baseline 0.001 -23"><span class='ocrx_word' id='word_1_148' title='bbox 188 2071 279 2127; x_wconf 88' lang='lat' dir='ltr'>terat.</span> <span class='ocrx_word' id='word_1_149' title='bbox 297 2061 478 2127; x_wconf 82' lang='lat' dir='ltr'>Notandum</span> <span class='ocrx_word' id='word_1_150' title='bbox 501 2060 551 2126; x_wconf 90' lang='lat' dir='ltr'>hic</span> <span class='ocrx_word' id='word_1_151' title='bbox 571 2061 753 2145; x_wconf 85' lang='lat' dir='ltr'>exemplum</span> <span class='ocrx_word' id='word_1_152' title='bbox 770 2060 850 2125; x_wconf 79' lang='lat' dir='ltr'>bivii</span> <span class='ocrx_word' id='word_1_153' title='bbox 869 2060 918 2145; x_wconf 87' lang='lat' dir='ltr'>(u,</span> <span class='ocrx_word' id='word_1_154' title='bbox 940 2061 972 2137; x_wconf 90' lang='lat'>7,</span> <span class='ocrx_word' id='word_1_155' title='bbox 992 2058 1039 2146; x_wconf 84' lang='lat' dir='ltr'>l),</span> <span class='ocrx_word' id='word_1_156' title='bbox 1056 2080 1119 2146; x_wconf 91' lang='lat' dir='ltr'>quo</span> <span class='ocrx_word' id='word_1_157' title='bbox 1141 2059 1281 2148; x_wconf 85' lang='lat' dir='ltr'>quisque</span> <span class='ocrx_word' id='word_1_158' title='bbox 1297 2081 1353 2148; x_wconf 90' lang='lat' dir='ltr'>pro</span> <span class='ocrx_word' id='word_1_159' title='bbox 1373 2072 1463 2127; x_wconf 80' lang='lat' dir='ltr'>reter-</span> 
     </span>
     <span class='ocr_line' id='line_1_17' title="bbox 187 2167 1463 2256; baseline 0 -22"><span class='ocrx_word' id='word_1_160' title='bbox 187 2170 251 2255; x_wconf 80' lang='lat' dir='ltr'>q&#39;ue</span> <span class='ocrx_word' id='word_1_161' title='bbox 272 2167 311 2235; x_wconf 90' lang='lat' dir='ltr'>de</span> <span class='ocrx_word' id='word_1_162' title='bbox 335 2167 459 2235; x_wconf 90' lang='lat' dir='ltr'>duobus</span> <span class='ocrx_word' id='word_1_163' title='bbox 481 2167 598 2234; x_wconf 89' lang='lat' dir='ltr'>dicitur</span> <span class='ocrx_word' id='word_1_164' title='bbox 611 2167 827 2235; x_wconf 79' lang='lat' dir='ltr'>exercitibus:</span> <span class='ocrx_word' id='word_1_165' title='bbox 851 2170 903 2234; x_wconf 89' lang='lat' dir='ltr'>Ita</span> <span class='ocrx_word' id='word_1_166' title='bbox 924 2189 999 2233; x_wconf 92' lang='lat' dir='ltr'>cum</span> <span class='ocrx_word' id='word_1_167' title='bbox 1016 2180 1209 2256; x_wconf 83' lang='lat' dir='ltr'>pupnatum</span> <span class='ocrx_word' id='word_1_168' title='bbox 1235 2178 1325 2250; x_wconf 86' lang='lat' dir='ltr'>esset,</span> <span class='ocrx_word' id='word_1_169' title='bbox 1352 2179 1463 2235; x_wconf 88' lang='lat' dir='ltr'>tantus</span> 
     </span>
     <span class='ocr_line' id='line_1_18' title="bbox 188 2272 1458 2361; baseline 0.002 -21"><span class='ocrx_word' id='word_1_170' title='bbox 188 2287 294 2340; x_wconf 88' lang='lat' dir='ltr'>terror</span> <span class='ocrx_word' id='word_1_171' title='bbox 309 2273 527 2361; x_wconf 82' lang='lat' dir='ltr'>Tarquinium</span> <span class='ocrx_word' id='word_1_172' title='bbox 546 2285 645 2360; x_wconf 86' lang='lat' dir='ltr'>atque</span> <span class='ocrx_word' id='word_1_173' title='bbox 661 2276 816 2341; x_wconf 82' lang='lat' dir='ltr'>Etruscos</span> <span class='ocrx_word' id='word_1_174' title='bbox 833 2272 972 2356; x_wconf 88' lang='lat' dir='ltr'>incessit,</span> <span class='ocrx_word' id='word_1_175' title='bbox 997 2286 1033 2340; x_wconf 90' lang='lat' dir='ltr'>ut</span> <span class='ocrx_word' id='word_1_176' title='bbox 1046 2274 1167 2340; x_wconf 73' lang='lat' dir='ltr'>amusa</span> <span class='ocrx_word' id='word_1_177' title='bbox 1182 2273 1279 2341; x_wconf 85' lang='lat' dir='ltr'>irrita</span> <span class='ocrx_word' id='word_1_178' title='bbox 1295 2298 1343 2357; x_wconf 90' lang='lat' dir='ltr'>re,</span> <span class='ocrx_word' id='word_1_179' title='bbox 1364 2287 1458 2342; x_wconf 87' lang='lat' dir='ltr'>nocte</span> 
     </span>
     <span class='ocr_line' id='line_1_19' title="bbox 187 2380 1459 2470; baseline -0.004 -17"><span class='ocrx_word' id='word_1_180' title='bbox 187 2380 284 2453; x_wconf 83' lang='lat' dir='ltr'>ambo</span> <span class='ocrx_word' id='word_1_181' title='bbox 295 2381 466 2462; x_wconf 75' lang='lat' dir='ltr'>exereitus,</span> <span class='ocrx_word' id='word_1_182' title='bbox 487 2380 597 2449; x_wconf 86' lang='lat' dir='ltr'>Veiens</span> <span class='ocrx_word' id='word_1_183' title='bbox 613 2380 932 2468; x_wconf 79' lang='lat' dir='ltr'>Tarquiniensisque,</span> <span class='ocrx_word' id='word_1_184' title='bbox 947 2402 1025 2448; x_wconf 89' lang='lat' dir='ltr'>suas</span> <span class='ocrx_word' id='word_1_185' title='bbox 1040 2381 1179 2470; x_wconf 87' lang='lat' dir='ltr'>quisque</span> <span class='ocrx_word' id='word_1_186' title='bbox 1193 2381 1322 2448; x_wconf 85' lang='lat' dir='ltr'>obirent</span> <span class='ocrx_word' id='word_1_187' title='bbox 1334 2381 1459 2449; x_wconf 85' lang='lat' dir='ltr'>domos.</span> 
     </span>
     <span class='ocr_line' id='line_1_20' title="bbox 187 2483 1461 2579; baseline 0.002 -24"><span class='ocrx_word' id='word_1_188' title='bbox 187 2491 225 2579; x_wconf 75' lang='lat' dir='ltr'>Et</span> <span class='ocrx_word' id='word_1_189' title='bbox 245 2490 294 2557; x_wconf 89' lang='lat' dir='ltr'>bic</span> <span class='ocrx_word' id='word_1_190' title='bbox 313 2489 456 2576; x_wconf 88' lang='lat' dir='ltr'>quidem,</span> <span class='ocrx_word' id='word_1_191' title='bbox 477 2498 513 2556; x_wconf 89' lang='lat' dir='ltr'>ut</span> <span class='ocrx_word' id='word_1_192' title='bbox 534 2483 672 2566; x_wconf 85' lang='lat' dir='ltr'>videtur,</span> <span class='ocrx_word' id='word_1_193' title='bbox 693 2509 766 2556; x_wconf 90' lang='lat' dir='ltr'>cum</span> <span class='ocrx_word' id='word_1_194' title='bbox 788 2487 885 2554; x_wconf 88' lang='lat' dir='ltr'>ambo</span> <span class='ocrx_word' id='word_1_195' title='bbox 905 2490 972 2576; x_wconf 88' lang='lat' dir='ltr'>jam</span> <span class='ocrx_word' id='word_1_196' title='bbox 993 2495 1183 2576; x_wconf 88' lang='lat' dir='ltr'>usurpatum</span> <span class='ocrx_word' id='word_1_197' title='bbox 1206 2499 1299 2569; x_wconf 90' lang='lat' dir='ltr'>esset,</span> <span class='ocrx_word' id='word_1_198' title='bbox 1321 2489 1461 2576; x_wconf 86' lang='lat' dir='ltr'>ejusdem</span> 
     </span>
     <span class='ocr_line' id='line_1_21' title="bbox 188 2580 1267 2683; baseline -0.002 -19"><span class='ocrx_word' id='word_1_199' title='bbox 188 2599 253 2664; x_wconf 87' lang='lat' dir='ltr'>lere</span> <span class='ocrx_word' id='word_1_200' title='bbox 267 2596 510 2683; x_wconf 84' lang='lat' dir='ltr'>significationis</span> <span class='ocrx_word' id='word_1_201' title='bbox 523 2596 713 2662; x_wconf 89' lang='lat' dir='ltr'>vocabulum</span> <span class='ocrx_word' id='word_1_202' title='bbox 728 2580 868 2683; x_wconf 68' lang='lat' dir='ltr'>uterque</span> <span class='ocrx_word' id='word_1_203' title='bbox 887 2596 1032 2663; x_wconf 90' lang='lat' dir='ltr'>adbiberi</span> <span class='ocrx_word' id='word_1_204' title='bbox 1050 2616 1114 2664; x_wconf 90' lang='lat' dir='ltr'>non</span> <span class='ocrx_word' id='word_1_205' title='bbox 1135 2607 1267 2682; x_wconf 89' lang='lat' dir='ltr'>poterat.</span> 
     </span>
    </p>

    <p class='ocr_par' dir='ltr' id='par_1_5' title="bbox 187 2697 1489 3752">
     <span class='ocr_line' id='line_1_22' title="bbox 231 2697 1461 2791; baseline -0.002 -21"><span class='ocrx_word' id='word_1_206' title='bbox 231 2703 265 2770; x_wconf 82' lang='lat'>3⁰</span> <span class='ocrx_word' id='word_1_207' title='bbox 287 2704 424 2771; x_wconf 78' lang='lat' dir='ltr'>Anius...</span> <span class='ocrx_word' id='word_1_208' title='bbox 446 2724 547 2769; x_wconf 78' lang='lat' dir='ltr'>scius.</span> <span class='ocrx_word' id='word_1_209' title='bbox 562 2738 608 2752; x_wconf 94' lang='lat'>-</span> <span class='ocrx_word' id='word_1_210' title='bbox 621 2701 722 2788; x_wconf 85' lang='lat' dir='ltr'>Hujus</span> <span class='ocrx_word' id='word_1_211' title='bbox 736 2703 934 2788; x_wconf 86' lang='lat' dir='ltr'>pronominis</span> <span class='ocrx_word' id='word_1_212' title='bbox 948 2697 1074 2789; x_wconf 85' lang='lat' dir='ltr'>repetiti</span> <span class='ocrx_word' id='word_1_213' title='bbox 1090 2713 1120 2770; x_wconf 91' lang='lat' dir='ltr'>et</span> <span class='ocrx_word' id='word_1_214' title='bbox 1140 2703 1179 2769; x_wconf 89' lang='lat' dir='ltr'>ad</span> <span class='ocrx_word' id='word_1_215' title='bbox 1192 2704 1368 2791; x_wconf 76' lang='lat' dir='ltr'>subjectum</span> <span class='ocrx_word' id='word_1_216' title='bbox 1387 2703 1461 2788; x_wconf 91' lang='lat' dir='ltr'>plu·</span> 
     </span>
     <span class='ocr_line' id='line_1_23' title="bbox 189 2808 1489 2905; baseline -0.002 -26"><span class='ocrx_word' id='word_1_217' title='bbox 189 2811 255 2879; x_wconf 88' lang='lat' dir='ltr'>ralo</span> <span class='ocrx_word' id='word_1_218' title='bbox 279 2829 412 2877; x_wconf 90' lang='lat' dir='ltr'>numero</span> <span class='ocrx_word' id='word_1_219' title='bbox 431 2809 587 2896; x_wconf 82' lang='lat' dir='ltr'>singulari</span> <span class='ocrx_word' id='word_1_220' title='bbox 608 2809 745 2894; x_wconf 85' lang='lat' dir='ltr'>oppositi</span> <span class='ocrx_word' id='word_1_221' title='bbox 763 2809 929 2876; x_wconf 89' lang='lat' dir='ltr'>abundant</span> <span class='ocrx_word' id='word_1_222' title='bbox 943 2811 1107 2896; x_wconf 85' lang='lat' dir='ltr'>exempla:</span> <span class='ocrx_word' id='word_1_223' title='bbox 1133 2809 1201 2877; x_wconf 85' lang='lat' dir='ltr'>Gal.</span> <span class='ocrx_word' id='word_1_224' title='bbox 1224 2810 1257 2879; x_wconf 76' lang='lat'>6.</span> <span class='ocrx_word' id='word_1_225' title='bbox 1274 2810 1307 2886; x_wconf 92' lang='grc'>2,</span> <span class='ocrx_word' id='word_1_226' title='bbox 1324 2808 1461 2905; x_wconf 78' lang='lat' dir='ltr'>bipost-</span> <span class='ocrx_word' id='word_1_227' title='bbox 1487 2872 1489 2877; x_wconf 87' lang='lat'>.</span> 
     </span>
     <span class='ocr_line' id='line_1_24' title="bbox 187 2914 1461 3006; baseline -0.001 -23"><span class='ocrx_word' id='word_1_228' title='bbox 187 2938 289 3006; x_wconf 86' lang='lat' dir='ltr'>quam</span> <span class='ocrx_word' id='word_1_229' title='bbox 309 2917 344 2983; x_wconf 89' lang='lat' dir='ltr'>in</span> <span class='ocrx_word' id='word_1_230' title='bbox 358 2938 426 2983; x_wconf 81' lang='lat' dir='ltr'>rena</span> <span class='ocrx_word' id='word_1_231' title='bbox 439 2915 563 2983; x_wconf 80' lang='lat' dir='ltr'>moenia</span> <span class='ocrx_word' id='word_1_232' title='bbox 577 2936 764 2994; x_wconf 69' lang='lat' dir='ltr'>concoenare,</span> <span class='ocrx_word' id='word_1_233' title='bbox 782 2915 909 3006; x_wconf 82' lang='lat' dir='ltr'>dispari</span> <span class='ocrx_word' id='word_1_234' title='bbox 921 2937 1050 3004; x_wconf 79' lang='lat' dir='ltr'>perere,</span> <span class='ocrx_word' id='word_1_235' title='bbox 1068 2914 1223 2984; x_wconf 84' lang='lat' dir='ltr'>dissimili</span> <span class='ocrx_word' id='word_1_236' title='bbox 1234 2916 1365 3004; x_wconf 75' lang='lat' dir='ltr'>lupae,</span> <span class='ocrx_word' id='word_1_237' title='bbox 1377 2917 1461 2982; x_wconf 89' lang='lat' dir='ltr'>alius</span> 
     </span>
     <span class='ocr_line' id='line_1_25' title="bbox 188 3007 1458 3112; baseline 0 -22"><span class='ocrx_word' id='word_1_238' title='bbox 188 3025 252 3090; x_wconf 90' lang='lat' dir='ltr'>alio</span> <span class='ocrx_word' id='word_1_239' title='bbox 271 3045 361 3090; x_wconf 89' lang='lat' dir='ltr'>more</span> <span class='ocrx_word' id='word_1_240' title='bbox 382 3022 542 3101; x_wconf 66' lang='lat' dir='ltr'>uiuentem</span> <span class='ocrx_word' id='word_1_241' title='bbox 559 3021 749 3090; x_wconf 81' lang='lat' dir='ltr'>incredibile</span> <span class='ocrx_word' id='word_1_242' title='bbox 762 3035 948 3089; x_wconf 89' lang='lat' dir='ltr'>memoratu</span> <span class='ocrx_word' id='word_1_243' title='bbox 963 3035 1010 3089; x_wconf 84' lang='lat' dir='ltr'>est</span> <span class='ocrx_word' id='word_1_244' title='bbox 1023 3044 1125 3110; x_wconf 88' lang='lat' dir='ltr'>quam</span> <span class='ocrx_word' id='word_1_245' title='bbox 1136 3007 1240 3112; x_wconf 82' lang='lat' dir='ltr'>facile</span> <span class='ocrx_word' id='word_1_246' title='bbox 1260 3020 1458 3090; x_wconf 78' lang='lat' dir='ltr'>coaluerint.</span> 
     </span>
     <span class='ocr_line' id='line_1_26' title="bbox 188 3127 1460 3216; baseline -0.003 -18"><span class='ocrx_word' id='word_1_247' title='bbox 188 3133 256 3212; x_wconf 88' lang='lat' dir='ltr'>Quo</span> <span class='ocrx_word' id='word_1_248' title='bbox 273 3133 339 3197; x_wconf 91' lang='lat' dir='ltr'>looo</span> <span class='ocrx_word' id='word_1_249' title='bbox 354 3131 505 3196; x_wconf 84' lang='lat' dir='ltr'>Dietscbii</span> <span class='ocrx_word' id='word_1_250' title='bbox 520 3130 690 3197; x_wconf 86' lang='lat' dir='ltr'>etlordani</span> <span class='ocrx_word' id='word_1_251' title='bbox 706 3130 896 3216; x_wconf 86' lang='lat' dir='ltr'>scriptoram</span> <span class='ocrx_word' id='word_1_252' title='bbox 911 3127 974 3195; x_wconf 89' lang='lat' dir='ltr'>alii</span> <span class='ocrx_word' id='word_1_253' title='bbox 987 3128 1066 3208; x_wconf 90' lang='lat' dir='ltr'>alio,</span> <span class='ocrx_word' id='word_1_254' title='bbox 1090 3150 1128 3196; x_wconf 87' lang='grc' dir='ltr'>ιι</span> <span class='ocrx_word' id='word_1_255' title='bbox 1142 3130 1353 3197; x_wconf 79' lang='lat' dir='ltr'>deterioribus</span> <span class='ocrx_word' id='word_1_256' title='bbox 1371 3128 1460 3196; x_wconf 87' lang='lat' dir='ltr'>codi-</span> 
     </span>
     <span class='ocr_line' id='line_1_27' title="bbox 187 3236 1461 3324; baseline -0.003 -19"><span class='ocrx_word' id='word_1_257' title='bbox 187 3239 277 3305; x_wconf 87' lang='lat' dir='ltr'>cibus</span> <span class='ocrx_word' id='word_1_258' title='bbox 295 3248 467 3324; x_wconf 82' lang='lat' dir='ltr'>sumptam,</span> <span class='ocrx_word' id='word_1_259' title='bbox 489 3257 552 3303; x_wconf 90' lang='lat' dir='ltr'>non</span> <span class='ocrx_word' id='word_1_260' title='bbox 577 3238 784 3315; x_wconf 89' lang='lat' dir='ltr'>servavimus,</span> <span class='ocrx_word' id='word_1_261' title='bbox 807 3247 935 3303; x_wconf 86' lang='lat' dir='ltr'>auclore</span> <span class='ocrx_word' id='word_1_262' title='bbox 951 3237 1145 3304; x_wconf 91' lang='lat' dir='ltr'>Gruendelio</span> <span class='ocrx_word' id='word_1_263' title='bbox 1167 3237 1226 3323; x_wconf 88' lang='lat' dir='ltr'>(De</span> <span class='ocrx_word' id='word_1_264' title='bbox 1243 3237 1318 3304; x_wconf 89' lang='lat' dir='ltr'>lools</span> <span class='ocrx_word' id='word_1_265' title='bbox 1338 3236 1461 3322; x_wconf 88' lang='lat' dir='ltr'>aliquot</span> 
     </span>
     <span class='ocr_line' id='line_1_28' title="bbox 188 3341 1457 3430; baseline -0.007 -18"><span class='ocrx_word' id='word_1_266' title='bbox 188 3344 406 3428; x_wconf 88' lang='lat' dir='ltr'>Sallustianis)</span> <span class='ocrx_word' id='word_1_267' title='bbox 417 3367 426 3423; x_wconf 94' lang='lat'>;</span> <span class='ocrx_word' id='word_1_268' title='bbox 438 3344 706 3412; x_wconf 86' lang='lat' dir='ltr'>Sallustiusenim</span> <span class='ocrx_word' id='word_1_269' title='bbox 718 3344 1215 3430; x_wconf 81' lang='lat' dir='ltr'>alliquescriptoressingolerem</span> <span class='ocrx_word' id='word_1_270' title='bbox 1226 3344 1332 3409; x_wconf 83' lang='lat' dir='ltr'>vocis«</span> <span class='ocrx_word' id='word_1_271' title='bbox 1348 3341 1457 3409; x_wconf 76' lang='lat' dir='ltr'>alius»</span> 
     </span>
     <span class='ocr_line' id='line_1_29' title="bbox 188 3450 1462 3537; baseline -0.006 -13"><span class='ocrx_word' id='word_1_272' title='bbox 188 3472 356 3524; x_wconf 86' lang='lat' dir='ltr'>numerum</span> <span class='ocrx_word' id='word_1_273' title='bbox 380 3473 451 3519; x_wconf 90' lang='lat' dir='ltr'>com</span> <span class='ocrx_word' id='word_1_274' title='bbox 474 3453 538 3518; x_wconf 88' lang='lat' dir='ltr'>alio</span> <span class='ocrx_word' id='word_1_275' title='bbox 556 3471 631 3518; x_wconf 86' lang='lat' dir='ltr'>casu</span> <span class='ocrx_word' id='word_1_276' title='bbox 651 3450 793 3536; x_wconf 85' lang='lat' dir='ltr'>ejusdem</span> <span class='ocrx_word' id='word_1_277' title='bbox 818 3452 902 3518; x_wconf 86' lang='lat' dir='ltr'>vocis</span> <span class='ocrx_word' id='word_1_278' title='bbox 923 3451 1127 3537; x_wconf 87' lang='lat' dir='ltr'>conjunctum</span> <span class='ocrx_word' id='word_1_279' title='bbox 1146 3451 1375 3529; x_wconf 89' lang='lat' dir='ltr'>adhibuerunt,</span> <span class='ocrx_word' id='word_1_280' title='bbox 1399 3470 1462 3536; x_wconf 90' lang='lat' dir='ltr'>quo</span> 
     </span>
     <span class='ocr_line' id='line_1_30' title="bbox 187 3557 1463 3645; baseline -0.005 -17"><span class='ocrx_word' id='word_1_281' title='bbox 187 3580 260 3628; x_wconf 89' lang='lat' dir='ltr'>cum</span> <span class='ocrx_word' id='word_1_282' title='bbox 282 3559 499 3627; x_wconf 78' lang='lat' dir='ltr'>diversitatem</span> <span class='ocrx_word' id='word_1_283' title='bbox 521 3559 686 3626; x_wconf 90' lang='lat' dir='ltr'>bominum</span> <span class='ocrx_word' id='word_1_284' title='bbox 707 3560 756 3624; x_wconf 87' lang='lat' dir='ltr'>rel</span> <span class='ocrx_word' id='word_1_285' title='bbox 773 3577 893 3636; x_wconf 87' lang='lat' dir='ltr'>rerum,</span> <span class='ocrx_word' id='word_1_286' title='bbox 913 3568 979 3624; x_wconf 88' lang='lat' dir='ltr'>torn</span> <span class='ocrx_word' id='word_1_287' title='bbox 1002 3559 1160 3645; x_wconf 89' lang='lat' dir='ltr'>pluralem</span> <span class='ocrx_word' id='word_1_288' title='bbox 1178 3577 1347 3624; x_wconf 85' lang='lat' dir='ltr'>numerum</span> <span class='ocrx_word' id='word_1_289' title='bbox 1360 3557 1463 3644; x_wconf 81' lang='lat' dir='ltr'>expri-</span> 
     </span>
     <span class='ocr_line' id='line_1_31' title="bbox 187 3662 1462 3752; baseline -0.004 -18"><span class='ocrx_word' id='word_1_290' title='bbox 187 3677 320 3745; x_wconf 88' lang='lat' dir='ltr'>merent,</span> <span class='ocrx_word' id='word_1_291' title='bbox 338 3676 372 3732; x_wconf 88' lang='grc' dir='ltr'>ιιι</span> <span class='ocrx_word' id='word_1_292' title='bbox 389 3675 473 3750; x_wconf 89' lang='lat' dir='ltr'>patet</span> <span class='ocrx_word' id='word_1_293' title='bbox 485 3686 521 3732; x_wconf 87' lang='lat' dir='ltr'>ex</span> <span class='ocrx_word' id='word_1_294' title='bbox 538 3666 578 3732; x_wconf 91' lang='lat' dir='ltr'>iis</span> <span class='ocrx_word' id='word_1_295' title='bbox 592 3666 1013 3752; x_wconf 83' lang='lat' dir='ltr'>exemplisquaeseqnuntor</span> <span class='ocrx_word' id='word_1_296' title='bbox 1031 3688 1038 3730; x_wconf 94' lang='lat'>:</span> <span class='ocrx_word' id='word_1_297' title='bbox 1057 3666 1125 3731; x_wconf 88' lang='lat' dir='ltr'>Cat.</span> <span class='ocrx_word' id='word_1_298' title='bbox 1149 3666 1182 3742; x_wconf 89' lang='grc'>2,</span> <span class='ocrx_word' id='word_1_299' title='bbox 1201 3667 1232 3742; x_wconf 87' lang='lat'>3,</span> <span class='ocrx_word' id='word_1_300' title='bbox 1251 3685 1356 3752; x_wconf 85' lang='lat' dir='ltr'>neque</span> <span class='ocrx_word' id='word_1_301' title='bbox 1372 3662 1462 3730; x_wconf 90' lang='lat' dir='ltr'>aliud</span> 
     </span>
    </p>
   </div>
   <div class='ocr_carea' id='block_1_4' title="bbox 189 3770 1568 3863">
    <p class='ocr_par' dir='ltr' id='par_1_6' title="bbox 189 3770 1568 3863">
     <span class='ocr_line' id='line_1_32' title="bbox 189 3770 1568 3863; baseline -0.003 -23"><span class='ocrx_word' id='word_1_302' title='bbox 189 3776 253 3842; x_wconf 92' lang='lat' dir='ltr'>alio</span> <span class='ocrx_word' id='word_1_303' title='bbox 271 3773 369 3863; x_wconf 82' lang='lat' dir='ltr'>ferri,</span> <span class='ocrx_word' id='word_1_304' title='bbox 385 3795 489 3862; x_wconf 86' lang='lat' dir='ltr'>neque</span> <span class='ocrx_word' id='word_1_305' title='bbox 502 3773 630 3840; x_wconf 88' lang='lat' dir='ltr'>mutari</span> <span class='ocrx_word' id='word_1_306' title='bbox 647 3795 686 3841; x_wconf 91' lang='lat' dir='ltr'>ac</span> <span class='ocrx_word' id='word_1_307' title='bbox 700 3772 830 3840; x_wconf 82' lang='lat' dir='ltr'>misceri</span> <span class='ocrx_word' id='word_1_308' title='bbox 848 3771 960 3839; x_wconf 89' lang='lat' dir='ltr'>omnia</span> <span class='ocrx_word' id='word_1_309' title='bbox 975 3793 1137 3849; x_wconf 69' lang='lat' dir='ltr'>cernerem</span> <span class='ocrx_word' id='word_1_310' title='bbox 1159 3774 1192 3851; x_wconf 89' lang='lat'>6,</span> <span class='ocrx_word' id='word_1_311' title='bbox 1210 3774 1243 3850; x_wconf 89' lang='grc'>5,</span> <span class='ocrx_word' id='word_1_312' title='bbox 1271 3783 1309 3838; x_wconf 90' lang='lat' dir='ltr'>at</span> <span class='ocrx_word' id='word_1_313' title='bbox 1323 3770 1465 3838; x_wconf 82' lang='lat' dir='ltr'>Romani</span> <span class='ocrx_word' id='word_1_314' title='bbox 1560 3780 1568 3790; x_wconf 85' lang='lat'><em>&#39;</em></span> 
     </span>
    </p>
   </div>
   <div class='ocr_carea' id='block_1_5' title="bbox 188 3878 1463 4828">
    <p class='ocr_par' dir='ltr' id='par_1_7' title="bbox 188 3878 1463 4828">
     <span class='ocr_line' id='line_1_33' title="bbox 189 3878 1459 3969; baseline -0.003 -21"><span class='ocrx_word' id='word_1_315' title='bbox 189 3881 281 3965; x_wconf 90' lang='lat' dir='ltr'>domi</span> <span class='ocrx_word' id='word_1_316' title='bbox 292 3879 485 3969; x_wconf 80' lang='lat' dir='ltr'>militiaeque</span> <span class='ocrx_word' id='word_1_317' title='bbox 497 3879 616 3946; x_wconf 90' lang='lat' dir='ltr'>intenti</span> <span class='ocrx_word' id='word_1_318' title='bbox 625 3878 799 3968; x_wconf 77' lang='lat' dir='ltr'>festinare,</span> <span class='ocrx_word' id='word_1_319' title='bbox 810 3900 950 3968; x_wconf 88' lang='lat' dir='ltr'>parare,</span> <span class='ocrx_word' id='word_1_320' title='bbox 974 3879 1058 3946; x_wconf 91' lang='lat' dir='ltr'>alius</span> <span class='ocrx_word' id='word_1_321' title='bbox 1078 3879 1178 3951; x_wconf 89' lang='lat' dir='ltr'>alium</span> <span class='ocrx_word' id='word_1_322' title='bbox 1195 3878 1387 3955; x_wconf 83' lang='lat' dir='ltr'>bertari...;</span> <span class='ocrx_word' id='word_1_323' title='bbox 1404 3878 1459 3954; x_wconf 89' lang='grc'>22,</span> 
     </span>
     <span class='ocr_line' id='line_1_34' title="bbox 189 3983 1459 4082; baseline -0.004 -27"><span class='ocrx_word' id='word_1_324' title='bbox 189 3993 221 4067; x_wconf 90' lang='grc'>2,</span> <span class='ocrx_word' id='word_1_325' title='bbox 242 4009 307 4076; x_wconf 86' lang='lat' dir='ltr'>quo</span> <span class='ocrx_word' id='word_1_326' title='bbox 329 3989 414 4054; x_wconf 86' lang='lat' dir='ltr'>inter</span> <span class='ocrx_word' id='word_1_327' title='bbox 434 4009 467 4054; x_wconf 90' lang='lat' dir='ltr'>se</span> <span class='ocrx_word' id='word_1_328' title='bbox 485 3985 549 4075; x_wconf 74' lang='lat' dir='ltr'>fidi</span> <span class='ocrx_word' id='word_1_329' title='bbox 565 3986 673 4074; x_wconf 85' lang='lat' dir='ltr'>mapis</span> <span class='ocrx_word' id='word_1_330' title='bbox 693 3987 816 4073; x_wconf 76' lang='lat' dir='ltr'>sereret,</span> <span class='ocrx_word' id='word_1_331' title='bbox 838 3988 923 4082; x_wconf 87' lang='lat' dir='ltr'>alios</span> <span class='ocrx_word' id='word_1_332' title='bbox 943 3988 998 4053; x_wconf 93' lang='lat' dir='ltr'>alii</span> <span class='ocrx_word' id='word_1_333' title='bbox 1024 3985 1110 4053; x_wconf 72' lang='lat' dir='ltr'>tacui</span> <span class='ocrx_word' id='word_1_334' title='bbox 1130 3985 1296 4073; x_wconf 66' lang='lat' dir='ltr'>facinoris</span> <span class='ocrx_word' id='word_1_335' title='bbox 1322 3983 1459 4062; x_wconf 68' lang='lat' dir='ltr'>censuim</span> 
     </span>
     <span class='ocr_line' id='line_1_35' title="bbox 188 4092 1461 4183; baseline -0.005 -20"><span class='ocrx_word' id='word_1_336' title='bbox 188 4099 243 4174; x_wconf 86' lang='grc'>52,</span> <span class='ocrx_word' id='word_1_337' title='bbox 260 4097 314 4172; x_wconf 85' lang='grc'>28,</span> <span class='ocrx_word' id='word_1_338' title='bbox 331 4092 389 4161; x_wconf 90' lang='lat' dir='ltr'>sed</span> <span class='ocrx_word' id='word_1_339' title='bbox 410 4094 529 4161; x_wconf 87' lang='lat' dir='ltr'>inertia</span> <span class='ocrx_word' id='word_1_340' title='bbox 548 4106 579 4160; x_wconf 88' lang='grc' dir='ltr'>ιι</span> <span class='ocrx_word' id='word_1_341' title='bbox 601 4092 743 4161; x_wconf 88' lang='lat' dir='ltr'>mollitia</span> <span class='ocrx_word' id='word_1_342' title='bbox 766 4093 874 4160; x_wconf 88' lang='lat' dir='ltr'>animi</span> <span class='ocrx_word' id='word_1_343' title='bbox 888 4095 971 4161; x_wconf 89' lang='lat' dir='ltr'>alius</span> <span class='ocrx_word' id='word_1_344' title='bbox 987 4094 1087 4160; x_wconf 89' lang='lat' dir='ltr'>aliurn</span> <span class='ocrx_word' id='word_1_345' title='bbox 1106 4103 1313 4183; x_wconf 75' lang='lat' dir='ltr'>expectantes</span> <span class='ocrx_word' id='word_1_346' title='bbox 1326 4103 1461 4158; x_wconf 86' lang='lat' dir='ltr'>cuncta·</span> 
     </span>
     <span class='ocr_line' id='line_1_36' title="bbox 188 4197 1462 4290; baseline -0.005 -20"><span class='ocrx_word' id='word_1_347' title='bbox 188 4201 273 4271; x_wconf 89' lang='lat' dir='ltr'>mini</span> <span class='ocrx_word' id='word_1_348' title='bbox 279 4229 287 4284; x_wconf 93' lang='grc'>;</span> <span class='ocrx_word' id='word_1_349' title='bbox 303 4205 374 4288; x_wconf 80' lang='lat' dir='ltr'>lug.</span> <span class='ocrx_word' id='word_1_350' title='bbox 404 4204 457 4277; x_wconf 80' lang='grc'>12,</span> <span class='ocrx_word' id='word_1_351' title='bbox 478 4203 510 4281; x_wconf 87' lang='grc'>3,</span> <span class='ocrx_word' id='word_1_352' title='bbox 532 4199 640 4289; x_wconf 82' lang='lat' dir='ltr'>repuli</span> <span class='ocrx_word' id='word_1_353' title='bbox 661 4199 788 4267; x_wconf 88' lang='lat' dir='ltr'>interea</span> <span class='ocrx_word' id='word_1_354' title='bbox 806 4200 841 4267; x_wconf 89' lang='lat' dir='ltr'>in</span> <span class='ocrx_word' id='word_1_355' title='bbox 859 4200 931 4268; x_wconf 88' lang='lat' dir='ltr'>loca</span> <span class='ocrx_word' id='word_1_356' title='bbox 953 4199 1151 4290; x_wconf 87' lang='lat' dir='ltr'>propinqua</span> <span class='ocrx_word' id='word_1_357' title='bbox 1185 4197 1347 4266; x_wconf 78' lang='lat' dir='ltr'>tlrlesauris</span> <span class='ocrx_word' id='word_1_358' title='bbox 1377 4198 1462 4265; x_wconf 92' lang='lat' dir='ltr'>alius</span> 
     </span>
     <span class='ocr_line' id='line_1_37' title="bbox 189 4304 1463 4398; baseline -0.006 -20"><span class='ocrx_word' id='word_1_359' title='bbox 189 4312 253 4378; x_wconf 90' lang='lat' dir='ltr'>alio</span> <span class='ocrx_word' id='word_1_360' title='bbox 268 4331 464 4386; x_wconf 70' lang='lat' dir='ltr'>concessum</span> <span class='ocrx_word' id='word_1_361' title='bbox 477 4309 532 4387; x_wconf 83' lang='lat'>53,</span> <span class='ocrx_word' id='word_1_362' title='bbox 548 4309 582 4387; x_wconf 87' lang='lat'>8,</span> <span class='ocrx_word' id='word_1_363' title='bbox 604 4307 707 4396; x_wconf 84' lang='lat' dir='ltr'>ipitur</span> <span class='ocrx_word' id='word_1_364' title='bbox 718 4330 782 4398; x_wconf 89' lang='lat' dir='ltr'>pro</span> <span class='ocrx_word' id='word_1_365' title='bbox 793 4319 881 4374; x_wconf 89' lang='lat' dir='ltr'>metu</span> <span class='ocrx_word' id='word_1_366' title='bbox 895 4318 1028 4398; x_wconf 84' lang='lat' dir='ltr'>repente</span> <span class='ocrx_word' id='word_1_367' title='bbox 1037 4305 1206 4394; x_wconf 61' lang='lat' dir='ltr'>&#39;puledium</span> <span class='ocrx_word' id='word_1_368' title='bbox 1224 4317 1387 4386; x_wconf 83' lang='lat' dir='ltr'>mutetur,</span> <span class='ocrx_word' id='word_1_369' title='bbox 1404 4304 1453 4370; x_wconf 90' lang='lat' dir='ltr'>mi</span> <span class='ocrx_word' id='word_1_370' title='bbox 1459 4341 1463 4350; x_wconf 95' lang='lat'><em>·</em></span> 
     </span>
     <span class='ocr_line' id='line_1_38' title="bbox 189 4409 1462 4508; baseline -0.006 -23"><span class='ocrx_word' id='word_1_371' title='bbox 189 4418 261 4485; x_wconf 89' lang='lat' dir='ltr'>lites</span> <span class='ocrx_word' id='word_1_372' title='bbox 277 4419 359 4485; x_wconf 88' lang='lat' dir='ltr'>alins</span> <span class='ocrx_word' id='word_1_373' title='bbox 375 4418 476 4483; x_wconf 89' lang='lat' dir='ltr'>aliurn</span> <span class='ocrx_word' id='word_1_374' title='bbox 491 4414 559 4482; x_wconf 78' lang='lat' dir='ltr'>luti</span> <span class='ocrx_word' id='word_1_375' title='bbox 572 4414 764 4505; x_wconf 88' lang='lat' dir='ltr'>appellant;</span> <span class='ocrx_word' id='word_1_376' title='bbox 781 4416 836 4491; x_wconf 88' lang='grc'>66,</span> <span class='ocrx_word' id='word_1_377' title='bbox 854 4416 886 4494; x_wconf 90' lang='grc'>3,</span> <span class='ocrx_word' id='word_1_378' title='bbox 908 4415 1114 4481; x_wconf 84' lang='lat' dir='ltr'>centuriones</span> <span class='ocrx_word' id='word_1_379' title='bbox 1139 4413 1350 4508; x_wconf 80' lang='lat' dir='ltr'>tribunosque</span> <span class='ocrx_word' id='word_1_380' title='bbox 1373 4409 1462 4478; x_wconf 90' lang='lat' dir='ltr'>mili-</span> 
     </span>
     <span class='ocr_line' id='line_1_39' title="bbox 189 4521 1461 4614; baseline -0.006 -22"><span class='ocrx_word' id='word_1_381' title='bbox 189 4525 270 4592; x_wconf 89' lang='lat' dir='ltr'>taris</span> <span class='ocrx_word' id='word_1_382' title='bbox 284 4537 315 4591; x_wconf 87' lang='lat' dir='ltr'>ct</span> <span class='ocrx_word' id='word_1_383' title='bbox 334 4523 444 4614; x_wconf 80' lang='lat' dir='ltr'>ipsum</span> <span class='ocrx_word' id='word_1_384' title='bbox 460 4523 661 4612; x_wconf 84' lang='lat' dir='ltr'>praesectum</span> <span class='ocrx_word' id='word_1_385' title='bbox 676 4521 795 4612; x_wconf 79' lang='lat' dir='ltr'>oppidi</span> <span class='ocrx_word' id='word_1_386' title='bbox 816 4526 850 4589; x_wconf 84' lang='lat' dir='ltr'>T.</span> <span class='ocrx_word' id='word_1_387' title='bbox 874 4521 1060 4611; x_wconf 88' lang='lat' dir='ltr'>Turpilium</span> <span class='ocrx_word' id='word_1_388' title='bbox 1076 4522 1229 4590; x_wconf 86' lang='lat' dir='ltr'>Silanum</span> <span class='ocrx_word' id='word_1_389' title='bbox 1256 4522 1338 4588; x_wconf 91' lang='lat' dir='ltr'>alius</span> <span class='ocrx_word' id='word_1_390' title='bbox 1360 4521 1461 4586; x_wconf 90' lang='lat' dir='ltr'>alium</span> 
     </span>
     <span class='ocr_line' id='line_1_40' title="bbox 188 4620 1457 4717; baseline -0.004 -18"><span class='ocrx_word' id='word_1_391' title='bbox 188 4630 300 4699; x_wconf 87' lang='lat' dir='ltr'>domos</span> <span class='ocrx_word' id='word_1_392' title='bbox 317 4653 395 4698; x_wconf 87' lang='lat' dir='ltr'>suas</span> <span class='ocrx_word' id='word_1_393' title='bbox 416 4620 671 4706; x_wconf 66' lang='lat' dir='ltr'>inuitant3&#39;Hist.</span> <span class='ocrx_word' id='word_1_394' title='bbox 689 4651 711 4710; x_wconf 91' lang='lat'>1,</span> <span class='ocrx_word' id='word_1_395' title='bbox 729 4631 784 4706; x_wconf 74' lang='lat'>45,</span> <span class='ocrx_word' id='word_1_396' title='bbox 808 4631 862 4705; x_wconf 87' lang='grc'>20,</span> <span class='ocrx_word' id='word_1_397' title='bbox 879 4649 984 4717; x_wconf 82' lang='lat' dir='ltr'>neque</span> <span class='ocrx_word' id='word_1_398' title='bbox 997 4627 1073 4716; x_wconf 86' lang='lat' dir='ltr'>jam</span> <span class='ocrx_word' id='word_1_399' title='bbox 1090 4626 1172 4717; x_wconf 87' lang='lat' dir='ltr'>quid</span> <span class='ocrx_word' id='word_1_400' title='bbox 1193 4627 1395 4695; x_wconf 75' lang='lat' dir='ltr'>existumetis</span> <span class='ocrx_word' id='word_1_401' title='bbox 1417 4625 1457 4694; x_wconf 88' lang='lat' dir='ltr'>de</span> 
     </span>
     <span class='ocr_line' id='line_1_41' title="bbox 188 4735 1461 4828; baseline -0.004 -23"><span class='ocrx_word' id='word_1_402' title='bbox 188 4739 257 4821; x_wconf 91' lang='lat' dir='ltr'>illo,</span> <span class='ocrx_word' id='word_1_403' title='bbox 284 4738 343 4807; x_wconf 89' lang='lat' dir='ltr'>sed</span> <span class='ocrx_word' id='word_1_404' title='bbox 358 4750 521 4828; x_wconf 85' lang='lat' dir='ltr'>quantum</span> <span class='ocrx_word' id='word_1_405' title='bbox 544 4735 694 4804; x_wconf 86' lang='lat' dir='ltr'>audeatis</span> <span class='ocrx_word' id='word_1_406' title='bbox 713 4757 836 4816; x_wconf 88' lang='lat' dir='ltr'>uereor,</span> <span class='ocrx_word' id='word_1_407' title='bbox 853 4758 894 4802; x_wconf 89' lang='lat' dir='ltr'>ne</span> <span class='ocrx_word' id='word_1_408' title='bbox 909 4736 995 4803; x_wconf 90' lang='lat' dir='ltr'>alius</span> <span class='ocrx_word' id='word_1_409' title='bbox 1012 4737 1111 4803; x_wconf 89' lang='lat' dir='ltr'>aliurn</span> <span class='ocrx_word' id='word_1_410' title='bbox 1130 4735 1317 4825; x_wconf 86' lang='lat' dir='ltr'>principem</span> <span class='ocrx_word' id='word_1_411' title='bbox 1341 4755 1461 4824; x_wconf 78' lang='lat' dir='ltr'>espec·</span> 
     </span>
    </p>
   </div>
   <div class='ocr_carea' id='block_1_6' title="bbox 0 0 1662 5526">
    <p class='ocr_par' dir='ltr' id='par_1_8' title="bbox 0 0 1662 5526">
     <span class='ocr_line' id='line_1_42' title="bbox 0 0 1662 5526; baseline 0 0"><span class='ocrx_word' id='word_1_412' title='bbox 0 0 1662 5526; x_wconf 95' lang='lat' dir='ltr'> </span> 
     </span>
    </p>
   </div>
  </div>
 </body>
</html>
