3314 5526
724 412 920 471 -250-

184 553 349 622 cherrima
372 567 472 644 atque
492 567 630 644 optuma
640 576 797 644 pessuma
813 578 852 623 oe
868 555 1143 646 slapitiosissuma
1157 557 1253 644 sacta
1268 557 1328 637 sit3
1356 559 1411 634 ll,
1435 558 1469 632 3,

184 661 231 728 od
243 662 304 728 boc
319 684 401 751 qrcos
420 685 539 730 manus
553 675 654 751 atquc
668 662 784 750 linquo
795 663 946 754 perjurio
966 676 1025 729 aut
1039 664 1201 752 sanquine
1220 664 1312 731 ciuili
1332 663 1466 744 alebat;

183 770 254 854 lug.
278 771 310 850 7,
328 772 361 849 5,
387 781 420 835 et
428 769 545 860 prelio
564 781 717 836 strenuus
731 782 806 836 erat
818 783 849 836 et
863 770 966 836 bonus
985 769 1136 849 concilim
1160 771 1214 858 (cl.
1237 772 1271 852 2,
1290 775 1328 852 5;
1347 774 1386 839 G.
1408 774 1467 853 20,

186 877 243 955 l03
265 878 320 954 dl,
339 879 360 944 ll
380 881 468 962 ete).
487 879 553 958 Qua
576 878 822 957 constructione,
840 880 922 944 sicul
936 887 966 943 et
978 877 1167 968 anaphora,
1181 880 1300 946 eximia
1315 889 1388 946 arte
1402 881 1464 946 nli·

184 991 237 1048 tur
256 994 373 1062 noster,
395 996 430 1050 ul
448 985 539 1051 varia
563 985 707 1051 membra
726 985 831 1051 vivide
851 1005 886 1050 ao
904 985 1044 1052 dilucide
1063 987 1146 1052 inter
1160 1006 1193 1052 se
1206 986 1401 1072 conjunget;
1424 988 1465 1053 cl.

184 1093 253 1155 Cat.
272 1091 305 1169 3,
322 1091 354 1170 3,
371 1112 450 1156 nam
462 1112 526 1181 pro
543 1089 683 1179 pudore,
694 1113 758 1181 pro
774 1090 987 1172 abstinentia,
998 1113 1066 1182 pro
1079 1091 1200 1158 uirtute
1214 1091 1377 1174 arcdocia,
1401 1092 1466 1160 Iar·

182 1197 277 1283 pitia,
299 1197 444 1264 auaritia
462 1197 629 1286 or'pedaut,
656 1198 710 1265 ubi
732 1210 869 1286 utraque
887 1200 1027 1266 occurrit
1046 1199 1160 1285 ligura.
1186 1200 1273 1286 (llid.
1292 1201 1410 1267 Jacobs
1427 1200 1467 1267 ad

185 1305 269 1370 bunc
285 1306 374 1389 loe).

798 1575 849 1642 ΙΙΙ.

722 1762 761 1815 De
776 1758 927 1815 brevitate.

227 1940 262 2005 ln
282 1937 427 2004 Sallustii
444 1936 570 2025 scriptis
589 1937 667 2004 arleo
681 1939 799 2005 eminet
821 1937 962 2005 brevitas
980 1948 1016 2003 ut
1038 1936 1177 2003 maxime
1192 1936 1312 2005 mirum
1332 1937 1378 2004 sit
1394 1958 1467 2004 eant

182 2045 371 2111 virtuterna
394 2045 575 2111 doctissimo
598 2066 634 2111 ne
662 2046 862 2132 sagacissimo
888 2048 958 2110 viro
978 2046 1064 2111 lulio
1089 2046 1213 2125 Casare
1237 2045 1406 2130 Scaligero
1434 2046 1467 2111 iu

183 2153 283 2219 dubio
300 2154 435 2238 positam
456 2172 536 2218 esse.
558 2154 616 2219 llle
635 2173 711 2218 aero
735 2152 800 2218 heeo
824 2153 957 2218 scribit:
984 2179 995 2211 ι
1022 2152 1218 2218 ASallustio
1235 2163 1341 2217 autent
1366 2153 1468 2218 breri-

183 2269 280 2325 tatem
300 2259 389 2325 illam
408 2259 615 2344 pendebam,
637 2279 734 2346 quam
751 2258 878 2339 scribis,
900 2279 1003 2345 neque
1021 2258 1100 2346 quid
1117 2259 1195 2324 volis
1224 2258 1385 2344 intelligo,
1409 2278 1466 2326 ne-

183 2386 246 2451 que
261 2376 326 2432 taur
343 2367 430 2453 vulgi
452 2365 559 2432 animo
581 2376 778 2452 conceptam,
802 2367 881 2432 adeo
898 2386 1095 2451 persuasam,
1113 2367 1192 2431 adeo
1207 2365 1412 2432 decantatam
1435 2368 1467 2431 in

183 2473 240 2538 illo
255 2473 324 2539 viro
337 2474 526 2540 brevitatem
541 2492 695 2559 uniquam
715 2473 955 2559 comprehendi.
979 2474 1058 2538 Nam
1077 2473 1118 2553 si,
1135 2472 1220 2560 quod
1240 2473 1469 2558 frequentibus

184 2579 345 2666 asyndetis
360 2581 474 2659 utitur,
493 2590 550 2646 aut
564 2580 650 2666 quod
666 2600 729 2647 non
746 2581 849 2667 longis
865 2579 1005 2666 periodis
1021 2581 1120 2646 ambit
1135 2591 1324 2665 argumenta
1339 2599 1465 2659 rerum,

184 2707 358 2772 properare
373 2686 433 2753 sibi
450 2686 588 2764 videtur,
607 2688 667 2753 isto
682 2687 739 2753 tibi
756 2707 883 2772 quoque
897 2696 988 2772 pacto
1005 2687 1152 2753 brevibus
1168 2696 1263 2771 atque
1278 2685 1468 2772 interceptis

183 2793 319 2859 saltibus
333 2803 460 2859 centum
481 2793 696 2859 miliariorum
721 2793 782 2860 iter
805 2796 912 2859 minus
929 2793 1058 2880 longum
1076 2793 1239 2860 videbitur
1254 2811 1352 2879 quant
1368 2793 1467 2859 unius

183 2899 277 2966 modo
297 2899 390 2965 stadii
419 2899 637 2977 intervallum,
664 2898 749 2986 quod
769 2918 834 2966 uno
849 2901 964 2987 spiritu
984 2901 1169 2967 confeceris.
1186 2900 1229 2966 tle
1249 2909 1359 2966 contra
1380 2898 1469 2966 vide·

184 3027 254 3073 mus
285 3007 477 3074 Sallustium
503 3007 620 3094 ipsum,
647 3027 720 3073 cum
747 3007 825 3094 quid
851 3009 947 3074 semel
977 3007 1148 3075 dicendum
1174 3005 1357 3092 assumpsit,
1387 3006 1468 3073 adeo

184 3124 325 3200 perstare
349 3124 385 3179 ut
406 3135 490 3201 saepe
516 3134 651 3181 numero
672 3114 779 3200 egredi
799 3114 958 3181 videntur.
990 3140 1003 3174 ι
1029 3113 1091 3181 Sed
1113 3115 1170 3180 illa
1192 3114 1294 3199 magis
1322 3114 1468 3199 speciosa

182 3241 278 3308 quam
299 3241 373 3288 vera
387 3241 455 3287 esse
470 3221 584 3288 docent
596 3231 627 3288 et
644 3221 857 3288 recentiorum
870 3221 1039 3306 opiniones
1054 3231 1085 3287 et
1103 3230 1245 3287 veterum
1264 3220 1465 3300 testimonia,

185 3329 359 3414 praesertim
378 3328 490 3410 Gellii,
513 3329 570 3416 qui
589 3328 679 3395 Noot.
698 3327 762 3396 Ati.
781 3349 828 3408 111,
849 3330 863 3394 l
888 3347 961 3394 eum
984 3325 1265 3394 «subtilissimum
1295 3324 1467 3393 breuitatis

182 3435 344 3524 artificem
372 3463 383 3497 a
408 3436 497 3514 dicit,
522 3456 557 3502 ao
579 3436 788 3516 Quintiliani,
809 3435 863 3522 qui
890 3434 1077 3501 breuitatem
1098 3433 1243 3501 Sallustii
1270 3453 1466 3521 magnopere

184 3544 310 3621 laudat3
328 3545 368 3609 cl.
386 3545 463 3610 lust.
481 3552 562 3609 orat.
580 3564 612 3622 x,
638 3542 669 3623 l,
685 3563 792 3630 neque
813 3541 873 3608 illa
896 3540 1104 3608 Sallustiana
1120 3539 1274 3620 brevitas,
1289 3560 1359 3628 qna
1377 3539 1469 3607 nibil

183 3648 277 3738 opud
285 3671 383 3716 aures
397 3670 519 3715 uacuus
539 3661 639 3737 atque
653 3648 801 3715 arcadicus
813 3660 997 3738 potestesse
1007 3648 1199 3738 perfectius,
1210 3650 1348 3735 etpaulo
1358 3647 1464 3715 inira:

182 3756 404 3824 immortalem
416 3755 510 3823 illam
521 3754 677 3823 Sallustii
693 3755 915 3835 uelocitatem
934 3756 1014 3823 adde
1032 3757 1172 3823 Macrob.
1194 3756 1261 3821 Sat.
1279 3776 1312 3834 v,
1330 3754 1367 3832 l;
1386 3757 1463 3823 Sen.

182 3866 241 3950 Ep.
261 3866 337 3939 tlt,
356 3866 414 3942 16;
434 3863 544 3936 Sidon.
566 3863 674 3950 Apoll.
692 3866 808 3949 Pauog.
827 3863 923 3930 Antlr.
942 3864 1108 3950 lllllsqq.;
1127 3866 1210 3930 Stat.
1227 3862 1307 3928 Silv.
1324 3882 1370 3939 ru,
1385 3863 1418 3929 7.

226 3973 266 4037 tu
281 3972 345 4038 bueo
365 3972 494 4058 quidem
509 3971 648 4037 brevitas
663 3971 695 4038 in
713 3971 885 4058 asyndetis,
904 3971 936 4036 iu
952 3981 1117 4057 zeugmate
1133 3980 1164 4036 et
1181 3969 1212 4036 in
1226 3969 1333 4055 ellipsi
1351 3967 1464 4055 praci-

184 4097 245 4164 pue
264 4088 412 4143 versatur
432 4098 440 4142 :

227 4219 265 4286 Α.
286 4253 331 4268 -
352 4216 524 4309 Asyndeta
540 4219 712 4308 sepissime
732 4218 953 4298 inveniuntur,
972 4218 1148 4306 praesertim
1168 4217 1223 4285 ubi
1239 4218 1466 4285 oratioconci-

183 4335 249 4393 tata
266 4336 325 4404 est,
342 4325 458 4393 deinde
479 4327 512 4393 in
534 4327 775 4394 enumeratione
799 4335 830 4393 el
843 4325 898 4392 ubi
923 4336 978 4393 aul
998 4326 1159 4393 contraria
1177 4335 1232 4391 aut
1245 4337 1329 4391 certe
1343 4324 1467 4413 disjun-

184 4432 286 4517 genda
312 4432 395 4500 inter
420 4454 453 4500 se
482 4445 705 4520 opponuntur:
734 4434 765 4499 in
792 4433 1046 4510 enumeratione,
1069 4434 1141 4519 lug.
1177 4432 1232 4513 60,
1256 4431 1290 4513 6,
1319 4428 1462 4522 lapides,

183 4539 386 4627 ipnem,olio
399 4553 563 4629 preterea
574 4539 639 4608 tela
651 4538 890 4629 inperant;(el.
904 4540 932 4606 J.
943 4540 1063 4625 ulau)
1075 4563 1084 4620 ;
1096 4574 1142 4590 -
1155 4560 1228 4607 eum
1238 4538 1341 4625 plenis
1358 4558 1464 4605 enun-

183 4647 287 4726 cialis,
304 4648 332 4713 J.
354 4648 411 4726 du,
434 4647 465 4726 l,
482 4645 633 4714 numidas
644 4644 772 4737 procliis
789 4667 858 4713 sese
872 4645 984 4727 victos,
1002 4667 1121 4735 oqrrrm
1138 4656 1318 4720 vastatum,
1341 4643 1464 4712 multos

182 4752 338 4819 mortales
352 4765 465 4842 captos
479 4765 540 4820 aaut
558 4753 690 4833 occisos,
713 4751 810 4841 repni
829 4773 907 4842 opes
923 4752 1132 4819 conminutas
1150 4774 1235 4834 essc3
1252 4753 1321 4820 Cat.
1354 4753 1410 4831 3l,
1427 4752 1461 4831 7,
