3314 5526
651 399 824 473 -av-

103 563 151 623 nr,
165 544 219 632 30,
234 543 293 622 523
307 562 349 624 ιιι,
362 543 417 620 27,
434 542 471 622 33
484 562 707 629 -mapttam,
719 543 789 627 lug.
804 542 837 620 5,
851 543 884 618 1,
900 541 997 629 cujas
1008 562 1168 629 acapnum
1188 553 1288 630 atque
1307 543 1372 610 late

100 649 278 739 imperium
316 648 508 727 caluitum
535 650 707 716 Muellerus
726 659 758 714 et
784 649 982 726 Gerlacbius,
1009 649 1151 715 Cortium
1182 651 1293 727 secuti,
1316 653 1371 716 ad-

97 758 251 844 jectivum
271 777 344 823 curu
366 756 515 824 adverbio
531 757 676 842 junctum
696 776 762 822 esse
787 756 862 821 satis
882 754 988 840 inepte
1018 755 1259 823 affirmaverunt
1278 759 1373 824 verba

102 865 300 951 interpretati
321 885 482 950 acapnum
502 862 574 950 [trit
591 873 690 950 atque
710 848 775 928 late
796 860 930 949 potait;
955 882 991 928 ac
1017 862 1131 929 deinde
1155 864 1318 930 Jacobsius
1343 876 1374 930 et

100 971 452 1058 Frenndinsmapuam
472 991 528 1057 pro
549 970 702 1056 adjectivo
722 969 924 1055 praedicativo
939 969 1121 1037 habuerunt
1136 970 1174 1036 ad
1193 971 1290 1037 verba
1309 969 1373 1036 im·

97 1077 229 1167 perium
243 1076 350 1144 oalait
367 1078 545 1156 referendo,
564 1077 646 1162 (sine
663 1076 761 1143 dubio
779 1096 835 1162 per
854 1076 1112 1163 appositionem),
1126 1088 1156 1143 et
1169 1080 1374 1144 contulerunt

101 1186 167 1252 Cic.
194 1186 284 1251 Tusc.
302 1206 333 1264 v,
356 1194 389 1264 2,
407 1187 440 1263 5,
464 1183 525 1249 tibi
546 1181 789 1272 (philosophice)
810 1204 880 1263 aas,
898 1194 936 1248 at
950 1196 1049 1249 antea
1063 1205 1187 1272 acapna
1211 1205 1252 1250 aa
1262 1196 1372 1274 parte,

102 1291 148 1358 sic
163 1313 250 1358 rtattc
261 1291 393 1381 pertitas
416 1301 562 1378 totosque
580 1288 753 1356 tradimus.
777 1292 840 1376 Ego
855 1310 929 1356 vero
952 1291 1245 1378 interpretationem
1261 1292 1372 1357 Kritaii

106 1399 335 1484 preferendam
359 1408 448 1485 puto,
470 1398 525 1485 qui
547 1418 707 1484 ataqrtam
731 1418 786 1483 pro
815 1396 964 1465 adverbio
985 1398 1091 1476 babet,
1109 1398 1197 1464 etsie
1211 1399 1371 1483 explicat:

105 1534 116 1565 ‹
136 1506 321 1572 Tenendum
342 1506 445 1591 potius
462 1516 520 1583 est,
545 1525 646 1591 quum
665 1504 841 1570 accusativo
864 1504 894 1569 id
910 1505 1112 1571 contineatur
1125 1505 1216 1592 cujus
1232 1515 1374 1591 respectu

103 1613 185 1679 illud
202 1614 236 1679 fit
255 1611 340 1699 quod
359 1613 454 1678 verbo
478 1611 678 1690 enuntiatur,
704 1606 931 1697 adjectivorum
954 1631 1080 1698 quoque
1096 1621 1209 1678 neutra
1227 1612 1285 1678 isto
1300 1631 1373 1678 casu

104 1720 206 1805 posita
221 1739 291 1785 eam
304 1719 367 1784 vim
379 1719 496 1785 babere
512 1728 546 1784 ut
561 1737 624 1803 quo
636 1718 729 1784 modo
745 1719 792 1783 vel
810 1737 871 1804 quo
888 1727 1030 1803 respectu
1044 1718 1213 1805 cogitanda
1231 1719 1272 1783 sit
1287 1719 1373 1785 verbi

104 1826 192 1892 notio
207 1825 395 1912 significent.
412 1827 475 1892 Usu
492 1834 597 1891 autem
610 1826 785 1890 factumest
799 1835 835 1890 ut
851 1824 924 1890 talis
941 1826 1151 1902 accusativus,
1170 1825 1301 1911 propria
1318 1845 1373 1911 po-

104 1943 215 1999 testate
232 1934 325 2020 plane
341 1932 534 2009 oblitterata,
557 1932 589 1997 in
603 1952 724 1997 meram
740 1928 894 2008 adverbii,
917 1932 1048 1998 verbum
1068 1932 1191 2017 vulgari
1211 1930 1304 1998 modo
1320 1933 1374 1998 de-

105 2039 257 2118 finientis,
272 2040 335 2105 vim
352 2039 464 2104 abiret.
487 2067 497 2098 ι
524 2075 568 2088 -
582 2036 726 2103 Multam
740 2057 812 2104 cum
828 2039 921 2104 verbo
939 2039 1076 2103 occurrit
1100 2039 1168 2104 Cat.
1192 2040 1246 2116 27,
1264 2040 1301 2117 l;
1317 2039 1372 2116 60,

104 2147 143 2226 1;
160 2147 231 2231 lug.
256 2146 308 2224 19,
325 2148 338 2211 1
354 2170 361 2223 ;
376 2147 430 2221 91,
451 2146 487 2222 3;
508 2145 581 2221 108,
599 2145 634 2222 1;
654 2157 686 2209 at
699 2146 769 2230 lug.
796 2146 827 2225 l,
840 2145 873 2222 5,
892 2145 944 2210 ubi
962 2143 1104 2210 maltam
1120 2145 1260 2211 Kritzius
1277 2146 1373 2211 inter·

104 2263 247 2340 pretatur
269 2262 415 2341 respecta
437 2249 620 2317 atrtltarztm
639 2272 751 2315 reram
774 2253 821 2316 vel
847 2262 884 2316 at
898 2250 933 2316 itt
956 2249 1069 2317 maltis
1087 2251 1139 2339 fit,
1163 2252 1193 2317 id
1214 2264 1260 2317 est
1274 2272 1372 2341 saepe,

103 2361 213 2445 optimi
226 2359 347 2426 codices
356 2357 528 2445 maltaqaa
540 2359 617 2445 (non
628 2356 847 2444 multamque)
860 2351 1151 2446 ott'aatpericalosa
1163 2359 1322 2424 exhibent.
1331 2396 1377 2409 -

104 2468 223 2532 Ilecaas
236 2467 353 2553 legitur
373 2466 514 2532 adverbii
530 2465 761 2550 significatione
778 2466 857 2530 Hist.
878 2487 924 2544 ιιι,
943 2466 979 2531 31
1005 2477 1036 2530 et
1051 2487 1094 2544 ιι,
1112 2465 1153 2531 23
1172 2467 1233 2552 (Cf.
1252 2466 1319 2532 Liv.
1338 2487 1373 2546 ιι,

103 2575 159 2651 2⁶2,
177 2576 213 2654 l3
232 2575 305 2640 Tac.
321 2574 395 2639 bist.
415 2595 437 2650 ι,
455 2575 514 2651 77;
533 2581 608 2639 ann,
627 2593 662 2652 ιι,
679 2574 734 2653 dl,
752 2584 813 2648 etc,
828 2573 1144 2651 etviderarisium,
1163 2594 1193 2659 p.
1212 2574 1374 2660 111118.)

146 2682 180 2746 ἰ’ο
203 2680 434 2747 adverbiorum
453 2679 663 2746 accumulatio
679 2679 818 2745 notanda
833 2692 879 2745 est
893 2681 960 2746 Cat.
979 2681 1045 2760 29
1062 2692 1092 2746 et
1107 2683 1162 2761 ab,
1183 2681 1244 2746 m:
1262 2702 1375 2746 aarum

103 2786 280 2852 enimvero
300 2815 345 2845 z
363 2797 395 2852 at
416 2787 563 2872 prolecto.
1197 2857 1198 2861 ,

146 2895 181 2960 8⁰
204 2891 309 2960 Haud
323 2915 341 2959 a
355 2893 507 2961 Sallustio
523 2893 705 2959 adamatum
720 2893 815 2960 luisse
831 2893 969 2971 videtur,
991 2894 1075 2980 quod
1091 2916 1110 2959 a
1127 2915 1194 2959 aaa
1209 2897 1376 2980 negatione

101 3021 165 3088 quo
187 3000 279 3066 modo
301 2999 426 3066 differat
445 3000 644 3086 grammatici
669 3021 732 3066 non
757 3004 969 3067 consentiunt.
997 3004 1113 3068 Tamen
1134 3002 1310 3068 notandum
1329 3013 1377 3068 est

103 3089 189 3194 apud
204 3108 392 3175 Sallustium
408 3127 533 3193 semper
552 3109 616 3173 lere
636 3117 708 3174 ante
725 3107 879 3194 adjectiva
893 3110 943 3175 vel
961 3107 1111 3174 adverbia
1127 3109 1264 3195 positum
1286 3109 1375 3176 inve-

102 3215 185 3294 niri3
206 3235 269 3281 uno
290 3223 413 3280 tanturn
439 3215 506 3280 loco
525 3215 564 3297 (l.
592 3214 667 3290 110,
693 3215 726 3301 8)
752 3225 823 3280 ante
849 3214 1069 3301 participium,
1094 3215 1180 3301 quod
1200 3214 1297 3281 etiam
1317 3236 1375 3302 pro

103 3309 257 3409 adjectivo
274 3320 366 3387 lacilc
390 3321 498 3387 haberi
522 3321 635 3406 possit:
662 3319 757 3386 baad
778 3320 927 3410 repulsas
941 3319 1059 3409 abibis.
1078 3321 1282 3388 Locutionem
1305 3323 1376 3389 vul·

102 3449 209 3515 garam
222 3425 317 3494 baad
335 3426 400 3494 scia
416 3449 460 3493 aa
473 3480 482 3509 ,
493 3469 494 3473 =
507 3449 578 3515 quae
594 3427 680 3514 apud
694 3429 849 3495 Caesarem
864 3429 957 3494 semel
976 3440 1006 3494 et
1023 3429 1108 3516 apud
1124 3429 1306 3497 Ciceronem
1322 3450 1375 3496 sae·

104 3536 174 3622 pius
197 3544 309 3613 exstat,
337 3555 496 3620 nusquam
511 3535 660 3601 adhibuit
677 3536 806 3616 Noster;
829 3536 903 3602 item
929 3534 1023 3602 lraod
1045 3533 1170 3617 dubita,
1198 3557 1268 3623 quat
1291 3537 1375 3624 apud

101 3643 285 3709 Ciceronem
302 3643 416 3727 legitur
443 3641 494 3727 (de
513 3643 591 3727 Rep.
614 3664 637 3721 ι,
656 3643 722 3726 15),
744 3662 806 3708 non
832 3643 1004 3709 invenitur.
1029 3646 1183 3710 Praeterea
1200 3644 1373 3710 Sallustius

103 3749 184 3814 banc
198 3749 390 3834 particulam
404 3748 520 3833 saepius
541 3759 613 3814 ante
633 3749 787 3835 adjectiva
803 3750 892 3834 ponit
907 3770 1004 3836 quam
1019 3751 1112 3816 ceteri
1131 3751 1300 3836 scriptores
1321 3751 1374 3836 qui

102 3875 172 3922 eam
193 3855 352 3941 praecipue
366 3875 438 3921 curn
458 3854 616 3921 adverbiis
630 3855 763 3941 jungere
780 3857 892 3921 solent.

147 3961 182 4028 9⁰
206 3964 328 4028 Praeter
341 3961 527 4027 adverbium
551 3982 626 4027 sanc
650 3972 696 4027 est
711 3963 778 4029 Cat.
807 3964 861 4042 36,
887 3965 919 4044 2,
935 3975 1046 4030 cetera
1067 3960 1276 4028 maeltitadiat'
1288 3960 1391 4028 diem·

101 4067 230 4148 statuit,
243 4079 319 4134 anta
330 4089 433 4156 qaam
444 4067 514 4133 sine
522 4067 645 4156 fraude
655 4066 765 4133 liceret
779 4068 821 4134 ab
835 4069 937 4136 aratis
949 4068 1121 4149 discedere,
1133 4081 1255 4159 prater
1264 4091 1376 4135 reram

103 4174 298 4263 capitalium
317 4172 553 4253 condemnatis,
572 4174 782 4240 utnonnullis
800 4175 875 4242 locis
892 4176 976 4262 apud
988 4186 1145 4260 argentea
1160 4178 1262 4243 aetatis
1277 4178 1377 4262 scrip-

104 4291 188 4349 tores
202 4294 233 4348 et
249 4282 333 4368 apud
359 4282 543 4348 Ciceronem
560 4282 615 4366 (ad
631 4283 741 4362 Quint.
754 4283 830 4348 irat.
849 4304 872 4363 ι,
894 4283 922 4364 1,
938 4286 970 4361 5,
988 4287 1004 4368 g
1019 4285 1084 4368 lb).
1102 4285 1170 4351 Non
1190 4284 1378 4369 igiturPris·

103 4392 196 4456 aiano
213 4389 450 4456 assentiendum
465 4399 511 4454 est
531 4389 586 4474 qui
609 4408 694 4455 nunc
708 4409 764 4474 pro
780 4402 902 4478 prator
925 4388 1110 4472 domaratus,
1133 4410 1217 4457 nunc
1238 4410 1295 4477 pro
1309 4389 1379 4455 siae

104 4494 272 4563 damnatis
291 4496 427 4582 positum
443 4496 512 4563 vult
529 4494 617 4582 (xvrr,
640 4516 670 4581 p.
691 4495 789 4575 1101,
808 4517 896 4576 ιιιιι,
924 4519 955 4583 p.
974 4498 1089 4584 1197).

150 4603 219 4670 l00.
245 4604 387 4689 Denique
403 4603 461 4670 hoc
476 4602 670 4681 notabimus,
687 4603 877 4670 Sallustium
892 4604 1040 4671 adverbia
1070 4607 1102 4671 in
1122 4603 1168 4671 im
1188 4601 1378 4684 desinentia,

105 4731 176 4797 quae
191 4709 341 4796 (exceptis
356 4710 571 4776 usitatissimis
593 4707 716 4788 statim,
737 4708 919 4797 paulatim,
943 4710 1087 4792 iuterim,
1108 4710 1249 4799 partim)
1265 4711 1378 4796 praeci-
