3314 5526
734 415 911 473 ..57-

185 556 350 629 Numidas
368 558 403 623 r'rr
422 557 575 624 omnibus
590 557 715 647 praeliis
732 558 840 648 mopis
851 557 951 647 pedes
969 579 1072 647 quom
1091 580 1189 626 arma
1208 570 1281 626 4444
1294 570 1383 642 sumt,
1401 561 1457 627 ultr

187 666 377 752 scripturam
397 663 507 742 tutati,
524 685 621 751 quam
641 667 789 732 nonnulli
803 666 925 735 codices
940 665 1069 746 habent,
1085 667 1230 753 plerique
1245 666 1460 754 editoresjure

187 784 351 859 respuunt.
370 773 432 838 Hoc
448 772 533 838 enim
549 773 616 837 loco
631 771 818 857 primariam
830 772 990 838 notionem
1001 769 1102 860 podes
1116 774 1218 860 magis
1231 773 1337 841 efferri
1359 794 1457 860 quarn

187 899 293 946 rocem
308 899 404 944 ormo
417 897 531 962 negare
542 897 632 943 nomo
642 888 752 964 potest,
769 887 800 944 et
816 887 920 943 tamen
933 876 972 943 ad
988 897 1094 944 rocem
1108 881 1287 965 appositam
1299 879 1455 967 praedica-

187 995 254 1052 tum
267 986 413 1051 refertur.
432 986 550 1051 Contra
565 984 597 1050 iu
612 985 639 1049 J.
657 986 712 1063 54,
731 986 763 1062 7,
780 1004 853 1072 quae
868 981 1000 1072 nepotia
1013 983 1117 1051 multo
1133 984 1240 1073 mapis
1256 1006 1359 1072 prtum
1371 1006 1461 1075 prae-

187 1091 270 1158 lium
289 1090 376 1158 mule
391 1102 578 1180 pupnotum
598 1089 641 1156 ab
655 1090 723 1157 stris
741 1111 852 1179 repom
867 1088 1044 1172 terrebant,
1061 1093 1191 1159 verbam
1208 1089 1376 1158 terrebunt
1389 1112 1461 1160 rum

188 1198 319 1286 nepotiu
331 1199 404 1285 jure
416 1198 575 1283 congruit.

232 1308 379 1373 Ceterum
395 1305 427 1371 in
441 1305 469 1371 J.
492 1305 547 1383 74,
563 1304 595 1385 3,
613 1303 731 1371 mirum
745 1313 793 1370 est
808 1315 965 1391 quantum
984 1323 1016 1370 so
1032 1303 1214 1391 discrepant
1229 1303 1389 1372 editorum
1408 1324 1462 1372 ex-

188 1413 400 1497 planationes.
423 1410 501 1489 Alii,
525 1412 576 1497 (44
590 1410 741 1490 Kritzios,
762 1410 901 1491 Cottius,
924 1410 1025 1476 lexico
1044 1409 1216 1478 Foroellini
1238 1421 1269 1477 et
1289 1409 1458 1497 Eroundii)

181 1519 359 1585 lectionem
373 1537 469 1604 super
492 1519 623 1583 allatam
644 1518 755 1595 secuti,
781 1528 853 1583 4444
877 1517 1084 1605 participium
1109 1517 1240 1584 obsoleti
1264 1517 1352 1585 verbi
1373 1529 1460 1599 tuor,

192 1646 249 1712 pro
265 1636 370 1706 tueor,
387 1645 454 1691 esse
474 1625 644 1690 affirmant.
665 1623 763 1690 lidom
779 1644 853 1690 vero
867 1624 992 1691 duobus
1011 1625 1084 1691 aliis
1099 1624 1189 1704 locis,
1208 1624 1326 1717 quibus
1341 1624 1462 1691 codices

188 1733 336 1799 nonnulli
353 1743 425 1798 tutu
440 1733 570 1812 habent,
584 1751 699 1817 parum
715 1731 798 1798 inter
813 1752 846 1798 se
861 1741 1006 1798 constant
1023 1755 1029 1797 :
1048 1751 1123 1798 nam
1137 1743 1167 1798 et
1181 1734 1209 1799 l.
1226 1731 1282 1811 85,
1300 1733 1354 1809 45,
1369 1731 1462 1816 (nom

188 1861 261 1929 quae
276 1838 323 1906 ud
334 1838 395 1906 lroe
410 1837 747 1929 tompuslupurtltum
760 1849 832 1905 4444
846 1841 948 1926 sumt),
964 1849 995 1905 et
1010 1841 1038 1906 J.
1054 1841 1110 1920 52,
1131 1841 1163 1919 4,
1181 1837 1367 1928 (plerosque
1377 1836 1430 1905 ool
1451 1876 1461 1888 ·

189 1947 271 2013 citus
285 1933 316 2012 44
332 1946 425 2036 rapio
439 1944 586 2013 hostibus
601 1946 721 2034 iprturo
736 1956 809 2012 44444
823 1950 926 2031 suut),
943 1947 1083 2014 Kritzius
1100 1957 1209 2012 444444
1222 1957 1300 2012 sunt
1312 1965 1385 2012 cum
1398 1947 1460 2031 plo·
1521 1979 1524 1983 ¹

194 2055 301 2141 risque
317 2055 493 2121 editoribus
507 2053 633 2131 scribit;
650 2055 775 2121 Curtius
791 2064 862 2120 44444
876 2057 908 2119 44
920 2056 948 2120 l.
965 2054 1021 2132 85,
1039 2054 1093 2133 45,
1109 2064 1217 2119 tutata
1230 2073 1305 2119 nero
1321 2052 1391 2118 inl.
1404 2053 1459 2131 52,

193 2162 319 2247 llegit;
341 2160 522 2228 Freundius
542 2181 642 2227 unum
663 2171 787 2227 tantum
802 2162 982 2248 exemplum
999 2160 1121 2239 laudat,
1141 2162 1170 2227 J.
1192 2161 1247 2238 74,
1266 2161 1302 2240 3;
1332 2159 1462 2227 Forcel-

193 2269 280 2335 linus
292 2269 379 2334 solus
393 2268 495 2334 trihus
510 2267 585 2333 locis
601 2278 672 2333 tuta
688 2267 821 2334 sormam
837 2267 988 2344 admittit,
1005 2267 1156 2353 opinione
1170 2267 1297 2335 Gruteri
1313 2267 1462 2333 aliorum·

192 2395 254 2463 que
268 2374 385 2453 nitens,
404 2375 579 2461 laudatque
598 2375 735 2452 Livium,
759 2374 813 2453 l0,
830 2375 884 2453 37,
899 2384 1029 2440 ceteros
1037 2372 1270 2463 propinquitas
1285 2373 1376 2440 urbis
1390 2383 1462 2439 4444

190 2493 249 2560 est,
268 2482 322 2548 ubi
344 2481 490 2569 plerique
504 2480 647 2548 scribunt
663 2491 772 2547 444444
784 2491 842 2560 444,
859 2501 893 2547 44
910 2492 1061 2566 praterea
1090 2482 1243 2558 Plinium,
1277 2483 1310 2560 7,
1328 2499 1459 2565 prooem.

190 2600 222 2657 et
239 2590 385 2656 Frontini
407 2599 497 2656 strat.
521 2590 553 2667 4,
573 2590 625 2655 ll.
642 2588 778 2656 Fabrius
796 2589 925 2675 quidem
939 2600 969 2655 et
985 2588 1173 2658 Gerlachius
1189 2588 1289 2656 trihus
1305 2587 1371 2654 illis
1385 2587 1462 2654 locis

193 2696 315 2784 pariter
334 2707 442 2762 tutata
457 2696 616 2775 scribuut3
631 2695 786 2762 Linkcrus
803 2716 877 2762 vcro
892 2707 923 2762 et
936 2695 1126 2776 Dietschius,
1144 2695 1261 2781 quibus
1282 2695 1461 2762 assentiun-

193 2815 246 2872 tur
259 2804 422 2871 lacobsius
441 2813 472 2869 et
490 2804 660 2881 londanus,
679 2823 736 2870 neo
750 2804 884 2870 turmam
900 2804 1076 2870 obsoletam
1096 2803 1227 2890 perlecti
1250 2803 1281 2868 in
1300 2802 1327 2869 l.
1350 2803 1405 2883 74,
1427 2803 1459 2881 3,

192 2910 392 2997 accipientes,
410 2931 467 2978 nec
481 2912 671 2997 scripturum
686 2921 807 2989 444444,
825 2921 933 2996 utpote
949 2932 1019 2997 quaa
1030 2930 1067 2976 ex
1078 2910 1183 2976 minus
1195 2909 1285 2976 bonis
1300 2909 1462 2977 codicibus

191 3019 356 3097 alienatur,
375 3018 452 3083 satis
471 3019 633 3103 probatam
647 3016 839 3104 judicantes,
861 3028 933 3082 tata
949 3037 1006 3103 pro
1021 3016 1176 3104 adjectivo
1195 3016 1388 3096 habueruut,
1410 3015 1461 3082 oui

191 3125 424 3210 subjunxerunt
435 3124 542 3190 dativo
554 3144 628 3190 casu
643 3121 798 3192 Numidis
814 3144 870 3209 pro
883 3120 1059 3203 Numidas,
1075 3143 1147 3210 quaa
1158 3123 1289 3209 quidem
1303 3121 1462 3208 scriptura

192 3234 223 3298 in
249 3232 367 3317 optimo
395 3231 568 3297 Parisiensi
592 3229 697 3297 codice
722 3240 752 3296 et
778 3229 972 3317 quibusdam
994 3230 1066 3296 aliis
1085 3238 1229 3318 apparet.
1252 3229 1300 3298 Ad
1320 3249 1460 3308 sensum,

191 3358 264 3405 vero
277 3337 362 3425 quod
378 3338 502 3416 attinet,
518 3336 697 3404 Dietsohius
711 3337 776 3403 haec
792 3359 800 3402 :
822 3364 833 3396 ι
852 3338 1012 3417 Quoniam
1027 3356 1099 3423 quae
1115 3347 1183 3403 tuta
1198 3345 1272 3403 sunt
1285 3336 1331 3403 eis
1346 3336 1461 3403 confidi

191 3455 304 3531 potest,
321 3446 440 3512 laetum
456 3455 502 3512 est
517 3453 552 3511 ut
566 3455 639 3510 tutu
653 3443 835 3515 dicerentur
849 3464 921 3530 quae
936 3454 1044 3510 tectum
1059 3453 1220 3530 praestent.
1241 3470 1253 3504 s
1271 3445 1311 3510 Et
1324 3444 1461 3510 conferri

189 3552 280 3640 jubet
292 3552 371 3619 Caes.
387 3552 464 3618 bell.
482 3553 566 3620 Gall.
583 3572 617 3629 u,
634 3552 689 3629 48,
708 3549 933 3631 4,.44444445444
947 3549 1034 3617 uitat
1044 3549 1251 3640 impeditum,
1268 3548 1363 3617 vietis
1377 3548 1465 3616 44444

110 3710 116 3720 .
192 3670 312 3739 tutum,
331 3669 360 3725 et
380 3660 459 3725 Sall.
483 3659 552 3726 Cat.
570 3659 626 3738 58,
646 3659 679 3736 9,
701 3656 814 3725 omniu
832 3656 1133 3738 acclamatorum,
1154 3683 1166 3718 e
1187 3658 1219 3724 id
1232 3669 1280 3726 ost
1293 3658 1402 3725 omnia
1417 3668 1461 3723 ta-

195 3767 241 3832 lia
267 3786 339 3851 quae
363 3765 455 3831 nobis
479 3785 519 3831 ne
543 3765 723 3851 eripiantur
740 3764 917 3832 timendum
940 3785 1003 3831 non
1025 3766 1078 3842 sit,
1104 3785 1178 3853 ergo
1202 3785 1273 3851 quaa
1292 3785 1348 3831 nos
1368 3765 1463 3851 adju-

194 3883 268 3939 vent
283 3872 388 3958 (444»
410 3872 574 3939 Jacobsius
594 3883 666 3938 tutu
679 3872 858 3958 germanice
879 3899 891 3934 u
914 3871 1097 3939 8444444444
1108 3869 1321 3961 4444444444,
1341 3870 1464 3937 »idest

198 4004 210 4039 c
231 3977 368 4044 44444444
384 3977 536 4067 pratens
554 4005 566 4039 s
591 3983 827 4065 interpretatur,
845 3987 876 4046 et
891 3978 1017 4064 ablegat
1032 3979 1071 4045 ad
1090 3979 1159 4046 Cat.
1181 3981 1236 4057 44,
1255 3980 1288 4055 2,
1305 3989 1342 4044 44
1358 3977 1394 4044 in
1412 3974 1463 4043 ul-

196 4096 266 4151 4444
277 4096 375 4174 purte
388 4085 533 4173 majores
548 4106 634 4174 opes,
652 4096 723 4151 tutu
737 4085 886 4168 consiliu,
903 4096 933 4154 et
950 4088 1030 4153 Hist.
1049 4109 1072 4167 t,
1090 4088 1144 4165 45,
1160 4087 1195 4165 8,
1211 4087 1257 4153 At
1270 4085 1325 4153 itte
1339 4106 1376 4153 44
1385 4107 1464 4175 pro·

191 4191 296 4273 444444,
311 4203 349 4258 ut
366 4191 455 4258 4444444
469 4191 651 4281 ploriosttm
664 4192 730 4258 nisi
741 4203 889 4261 tutum...
912 4193 1086 4272 4444444444.

236 4302 300 4386 Ego
315 4319 389 4366 vero
410 4319 466 4366 neo
488 4300 636 4366 Dietschii
658 4320 715 4366 neo
733 4301 870 4367 lacohsii
885 4300 1089 4388 explicationi
1105 4302 1201 4388 plane
1215 4300 1369 4368 assentire
1391 4319 1463 4387 pos-

193 4426 263 4473 sum
281 4429 288 4471 :
306 4425 381 4471 nom
395 4406 519 4491 passiva
538 4416 662 4474 tantum
685 4407 917 4494 significatione
932 4419 1020 4475 tutus
1040 4418 1226 4495 usurpatur,
1243 4428 1314 4475 curn
1335 4427 1392 4494 pro
1412 4405 1464 4473 ad·

190 4512 307 4600 jectivo
332 4525 481 4600 ponatur.
498 4515 612 4593 lllulti,
638 4515 750 4592 fateor,
773 4515 949 4582 afferuntur
970 4515 1027 4581 looi
1054 4516 1170 4601 quibus
1193 4515 1382 4603 significatio
1404 4514 1460 4580 illa

193 4630 315 4686 mutata
336 4640 391 4705 per
409 4619 645 4710 metonymiam
672 4632 814 4708 apparet,
836 4632 871 4688 ut
889 4632 962 4687 44444
978 4621 1031 4688 oia
1048 4622 1147 4710 stipae
1160 4621 1237 4708 (Cic.
1260 4622 1375 4690 Caecin.
1404 4621 1459 4699 45,

195 4729 268 4814 44),
285 4728 603 4817 rutrrmpersnptom
619 4728 696 4814 (Cic.
715 4729 753 4795 de
767 4731 844 4816 Rep.
864 4752 887 4808 t,
905 4731 951 4816 4),
969 4740 1078 4821 tutum
1098 4740 1131 4795 et
1147 4741 1266 4818 potem
1288 4728 1349 4818 iter
1370 4727 1461 4815 (Hor.
