<?xml version="1.0" encoding="UTF-8"?>
<!DOCTYPE html PUBLIC "-//W3C//DTD XHTML 1.0 Transitional//EN"
    "http://www.w3.org/TR/xhtml1/DTD/xhtml1-transitional.dtd">
<html xmlns="http://www.w3.org/1999/xhtml" xml:lang="en" lang="en">
 <head>
  <title>
</title>
<meta http-equiv="Content-Type" content="text/html;charset=utf-8" />
  <meta name='ocr-system' content='tesseract 3.04.00' />
  <meta name='ocr-capabilities' content='ocr_page ocr_carea ocr_par ocr_line ocrx_word'/>
</head>
<body>
  <div class='ocr_page' id='page_1' title='image "./desermonesallus00consgoog_0126.png"; bbox 0 0 3314 5526; ppageno 0'>
   <div class='ocr_carea' id='block_1_1' title="bbox 685 427 922 506">
    <p class='ocr_par' dir='ltr' id='par_1_1' title="bbox 685 427 922 506">
     <span class='ocr_line' id='line_1_1' title="bbox 685 427 922 506; baseline -0.013 1"><span class='ocrx_word' id='word_1_1' title='bbox 685 427 922 506; x_wconf 71' lang='lat' dir='ltr'><em>‘-tor-</em></span> 
     </span>
    </p>
   </div>
   <div class='ocr_carea' id='block_1_2' title="bbox 186 588 1545 4847">
    <p class='ocr_par' dir='ltr' id='par_1_2' title="bbox 189 588 1462 979">
     <span class='ocr_line' id='line_1_2' title="bbox 190 588 1462 678; baseline 0.002 -23"><span class='ocrx_word' id='word_1_2' title='bbox 190 588 326 668; x_wconf 77' lang='lat' dir='ltr'><em>insidiis,</em></span> <span class='ocrx_word' id='word_1_3' title='bbox 345 611 384 656; x_wconf 91' lang='lat' dir='ltr'><em>an</em></span> <span class='ocrx_word' id='word_1_4' title='bbox 405 612 423 656; x_wconf 89' lang='lat' dir='ltr'><em>a</em></span> <span class='ocrx_word' id='word_1_5' title='bbox 447 589 542 657; x_wconf 86' lang='lat' dir='ltr'><em>verbo</em></span> <span class='ocrx_word' id='word_1_6' title='bbox 564 602 854 678; x_wconf 86' lang='lat' dir='ltr'><em>maturentaptum</em></span> <span class='ocrx_word' id='word_1_7' title='bbox 872 593 923 669; x_wconf 82' lang='lat' dir='ltr'><em>sit,</em></span> <span class='ocrx_word' id='word_1_8' title='bbox 948 603 983 658; x_wconf 87' lang='lat' dir='ltr'><em>nt</em></span> <span class='ocrx_word' id='word_1_9' title='bbox 1005 591 1160 658; x_wconf 85' lang='lat' dir='ltr'><em>bietschio</em></span> <span class='ocrx_word' id='word_1_10' title='bbox 1180 592 1462 677; x_wconf 64' lang='lat' dir='ltr'><em>praescindatur&gt;</em></span> 
     </span>
     <span class='ocr_line' id='line_1_3' title="bbox 190 697 1460 784; baseline 0 -20"><span class='ocrx_word' id='word_1_11' title='bbox 190 710 252 778; x_wconf 89' lang='lat' dir='ltr'><em>est;</em></span> <span class='ocrx_word' id='word_1_12' title='bbox 271 718 342 764; x_wconf 90' lang='lat' dir='ltr'><em>nam</em></span> <span class='ocrx_word' id='word_1_13' title='bbox 356 719 426 764; x_wconf 86' lang='lat' dir='ltr'><em>rem</em></span> <span class='ocrx_word' id='word_1_14' title='bbox 439 697 587 784; x_wconf 79' lang='lat' dir='ltr'><em>aliquam</em></span> <span class='ocrx_word' id='word_1_15' title='bbox 604 698 708 764; x_wconf 87' lang='lat' dir='ltr'><em>alicui</em></span> <span class='ocrx_word' id='word_1_16' title='bbox 721 710 891 764; x_wconf 86' lang='lat' dir='ltr'><em>maturare</em></span> <span class='ocrx_word' id='word_1_17' title='bbox 905 699 978 765; x_wconf 90' lang='lat' dir='ltr'><em>licet</em></span> <span class='ocrx_word' id='word_1_18' title='bbox 991 699 1111 780; x_wconf 84' lang='lat' dir='ltr'><em>dicere3</em></span> <span class='ocrx_word' id='word_1_19' title='bbox 1128 700 1167 765; x_wconf 84' lang='lat' dir='ltr'><em>cl.</em></span> <span class='ocrx_word' id='word_1_20' title='bbox 1185 700 1249 764; x_wconf 86' lang='lat' dir='ltr'><em>Cic.</em></span> <span class='ocrx_word' id='word_1_21' title='bbox 1265 719 1320 784; x_wconf 84' lang='lat' dir='ltr'><em>pro</em></span> <span class='ocrx_word' id='word_1_22' title='bbox 1334 700 1460 765; x_wconf 87' lang='lat' dir='ltr'><em>Clornt.</em></span> 
     </span>
     <span class='ocr_line' id='line_1_4' title="bbox 189 804 1462 887; baseline 0 -16"><span class='ocrx_word' id='word_1_23' title='bbox 189 804 244 881; x_wconf 85' lang='lat' dir='ltr'><em>ot,</em></span> <span class='ocrx_word' id='word_1_24' title='bbox 262 806 336 884; x_wconf 79' lang='lat' dir='ltr'><em>lll,</em></span> <span class='ocrx_word' id='word_1_25' title='bbox 354 804 431 870; x_wconf 78' lang='lat' dir='ltr'><em>lertic</em></span> <span class='ocrx_word' id='word_1_26' title='bbox 454 817 593 870; x_wconf 84' lang='lat' dir='ltr'><em>mortem</em></span> <span class='ocrx_word' id='word_1_27' title='bbox 612 804 806 871; x_wconf 76' lang='lat' dir='ltr'><em>maturabat</em></span> <span class='ocrx_word' id='word_1_28' title='bbox 825 805 990 887; x_wconf 85' lang='lat' dir='ltr'><em>inimicus,</em></span> <span class='ocrx_word' id='word_1_29' title='bbox 1013 816 1044 872; x_wconf 87' lang='lat' dir='ltr'><em>ct</em></span> <span class='ocrx_word' id='word_1_30' title='bbox 1065 807 1152 873; x_wconf 87' lang='lat' dir='ltr'><em>Suet.</em></span> <span class='ocrx_word' id='word_1_31' title='bbox 1171 806 1288 872; x_wconf 86' lang='lat' dir='ltr'><em>Domit.</em></span> <span class='ocrx_word' id='word_1_32' title='bbox 1317 808 1370 885; x_wconf 74' lang='lat' dir='ltr'><em>lli,</em></span> <span class='ocrx_word' id='word_1_33' title='bbox 1393 827 1462 871; x_wconf 90' lang='lat' dir='ltr'><em>ma·</em></span> 
     </span>
     <span class='ocr_line' id='line_1_5' title="bbox 192 888 554 979; baseline 0.006 -3"><span class='ocrx_word' id='word_1_34' title='bbox 192 923 304 976; x_wconf 77' lang='lat' dir='ltr'><em>tricare</em></span> <span class='ocrx_word' id='word_1_35' title='bbox 321 910 386 976; x_wconf 85' lang='lat' dir='ltr'><em>sibi</em></span> <span class='ocrx_word' id='word_1_36' title='bbox 402 888 554 979; x_wconf 77' lang='lat' dir='ltr'><em>esitium.</em></span> 
     </span>
    </p>

    <p class='ocr_par' dir='ltr' id='par_1_3' title="bbox 187 1018 1545 2272">
     <span class='ocr_line' id='line_1_6' title="bbox 234 1018 1462 1108; baseline -0.001 -22"><span class='ocrx_word' id='word_1_37' title='bbox 234 1019 390 1086; x_wconf 76' lang='lat' dir='ltr'><em>Similiter</em></span> <span class='ocrx_word' id='word_1_38' title='bbox 404 1020 470 1084; x_wconf 87' lang='lat' dir='ltr'><em>Cat.</em></span> <span class='ocrx_word' id='word_1_39' title='bbox 490 1021 544 1097; x_wconf 71' lang='lat'><em>40,</em></span> <span class='ocrx_word' id='word_1_40' title='bbox 570 1020 602 1096; x_wconf 83' lang='lat'><em>3,</em></span> <span class='ocrx_word' id='word_1_41' title='bbox 627 1019 792 1105; x_wconf 72' lang='lat' dir='ltr'><em>requirere</em></span> <span class='ocrx_word' id='word_1_42' title='bbox 806 1019 904 1107; x_wconf 78' lang='lat' dir='ltr'><em>caepit</em></span> <span class='ocrx_word' id='word_1_43' title='bbox 918 1039 1014 1107; x_wconf 83' lang='lat' dir='ltr'><em>quem</em></span> <span class='ocrx_word' id='word_1_44' title='bbox 1030 1018 1154 1084; x_wconf 86' lang='lat' dir='ltr'><em>eaitmn</em></span> <span class='ocrx_word' id='word_1_45' title='bbox 1175 1021 1271 1085; x_wconf 91' lang='lat' dir='ltr'><em>tantis</em></span> <span class='ocrx_word' id='word_1_46' title='bbox 1285 1021 1380 1085; x_wconf 91' lang='lat' dir='ltr'><em>malis</em></span> <span class='ocrx_word' id='word_1_47' title='bbox 1395 1040 1462 1108; x_wconf 69' lang='lat' dir='ltr'><em>spe·</em></span> 
     </span>
     <span class='ocr_line' id='line_1_7' title="bbox 188 1125 1460 1215; baseline 0.001 -25"><span class='ocrx_word' id='word_1_48' title='bbox 188 1136 312 1204; x_wconf 72' lang='lat' dir='ltr'><em>carent,</em></span> <span class='ocrx_word' id='word_1_49' title='bbox 333 1126 472 1192; x_wconf 77' lang='lat' dir='ltr'><em>Krilzius</em></span> <span class='ocrx_word' id='word_1_50' title='bbox 493 1125 635 1191; x_wconf 89' lang='lat' dir='ltr'><em>dativum</em></span> <span class='ocrx_word' id='word_1_51' title='bbox 658 1127 742 1192; x_wconf 87' lang='lat' dir='ltr'><em>videt</em></span> <span class='ocrx_word' id='word_1_52' title='bbox 757 1146 793 1192; x_wconf 80' lang='lat' dir='ltr'><em>cx</em></span> <span class='ocrx_word' id='word_1_53' title='bbox 809 1127 914 1192; x_wconf 87' lang='lat' dir='ltr'><em>verbis</em></span> <span class='ocrx_word' id='word_1_54' title='bbox 934 1129 1058 1192; x_wconf 75' lang='lat' dir='ltr'><em>aritiam</em></span> <span class='ocrx_word' id='word_1_55' title='bbox 1076 1136 1249 1215; x_wconf 81' lang='lat' dir='ltr'><em>sperarent</em></span> <span class='ocrx_word' id='word_1_56' title='bbox 1261 1126 1460 1211; x_wconf 82' lang='lat' dir='ltr'><em>pendentem,</em></span> 
     </span>
     <span class='ocr_line' id='line_1_8' title="bbox 188 1233 1463 1319; baseline -0.001 -20"><span class='ocrx_word' id='word_1_57' title='bbox 188 1233 366 1299; x_wconf 79' lang='lat' dir='ltr'><em>Dietsclrius</em></span> <span class='ocrx_word' id='word_1_58' title='bbox 385 1233 559 1301; x_wconf 74' lang='lat' dir='ltr'><em>ablativum</em></span> <span class='ocrx_word' id='word_1_59' title='bbox 587 1234 779 1311; x_wconf 85' lang='lat' dir='ltr'><em>absolutum,</em></span> <span class='ocrx_word' id='word_1_60' title='bbox 805 1233 968 1300; x_wconf 89' lang='lat' dir='ltr'><em>lacobsius</em></span> <span class='ocrx_word' id='word_1_61' title='bbox 988 1253 1061 1299; x_wconf 88' lang='lat' dir='ltr'><em>vero</em></span> <span class='ocrx_word' id='word_1_62' title='bbox 1087 1235 1169 1300; x_wconf 83' lang='lat' dir='ltr'><em>inter</em></span> <span class='ocrx_word' id='word_1_63' title='bbox 1192 1235 1271 1298; x_wconf 90' lang='lat' dir='ltr'><em>duas</em></span> <span class='ocrx_word' id='word_1_64' title='bbox 1296 1235 1463 1319; x_wconf 87' lang='lat' dir='ltr'><em>opiniones</em></span> 
     </span>
     <span class='ocr_line' id='line_1_9' title="bbox 191 1339 1464 1426; baseline 0 -22"><span class='ocrx_word' id='word_1_65' title='bbox 191 1340 297 1407; x_wconf 83' lang='lat' dir='ltr'><em>lraeret.</em></span> <span class='ocrx_word' id='word_1_66' title='bbox 317 1339 473 1424; x_wconf 87' lang='lat' dir='ltr'><em>Equidem</em></span> <span class='ocrx_word' id='word_1_67' title='bbox 489 1341 682 1407; x_wconf 87' lang='lat' dir='ltr'><em>Gruendelio</em></span> <span class='ocrx_word' id='word_1_68' title='bbox 702 1341 858 1406; x_wconf 85' lang='lat' dir='ltr'><em>assentior</em></span> <span class='ocrx_word' id='word_1_69' title='bbox 871 1340 925 1426; x_wconf 89' lang='lat' dir='ltr'><em>qui</em></span> <span class='ocrx_word' id='word_1_70' title='bbox 944 1339 1123 1405; x_wconf 76' lang='lat' dir='ltr'><em>aderitum</em></span> <span class='ocrx_word' id='word_1_71' title='bbox 1140 1341 1234 1406; x_wconf 87' lang='lat' dir='ltr'><em>verba</em></span> <span class='ocrx_word' id='word_1_72' title='bbox 1251 1339 1350 1405; x_wconf 86' lang='lat' dir='ltr'><em>tantis</em></span> <span class='ocrx_word' id='word_1_73' title='bbox 1365 1339 1464 1405; x_wconf 88' lang='lat' dir='ltr'><em>malis</em></span> 
     </span>
     <span class='ocr_line' id='line_1_10' title="bbox 189 1445 1464 1533; baseline -0.001 -21"><span class='ocrx_word' id='word_1_74' title='bbox 189 1447 296 1526; x_wconf 80' lang='lat' dir='ltr'><em>refert,</em></span> <span class='ocrx_word' id='word_1_75' title='bbox 315 1446 447 1512; x_wconf 88' lang='lat' dir='ltr'><em>sednon</em></span> <span class='ocrx_word' id='word_1_76' title='bbox 470 1445 645 1512; x_wconf 75' lang='lat' dir='ltr'><em>ablativum</em></span> <span class='ocrx_word' id='word_1_77' title='bbox 668 1447 718 1512; x_wconf 88' lang='lat' dir='ltr'><em>bic</em></span> <span class='ocrx_word' id='word_1_78' title='bbox 736 1447 844 1513; x_wconf 88' lang='lat' dir='ltr'><em>videre</em></span> <span class='ocrx_word' id='word_1_79' title='bbox 862 1467 1000 1532; x_wconf 88' lang='lat' dir='ltr'><em>possum,</em></span> <span class='ocrx_word' id='word_1_80' title='bbox 1021 1448 1141 1533; x_wconf 84' lang='lat' dir='ltr'><em>quippe</em></span> <span class='ocrx_word' id='word_1_81' title='bbox 1156 1447 1246 1532; x_wconf 90' lang='lat' dir='ltr'><em>cujus</em></span> <span class='ocrx_word' id='word_1_82' title='bbox 1261 1449 1464 1513; x_wconf 83' lang='lat' dir='ltr'><em>constructio·</em></span> 
     </span>
     <span class='ocr_line' id='line_1_11' title="bbox 189 1552 1462 1640; baseline 0 -21"><span class='ocrx_word' id='word_1_83' title='bbox 189 1554 238 1619; x_wconf 90' lang='lat' dir='ltr'><em>nis</em></span> <span class='ocrx_word' id='word_1_84' title='bbox 259 1556 314 1635; x_wconf 89' lang='lat' dir='ltr'><em>(sc.</em></span> <span class='ocrx_word' id='word_1_85' title='bbox 329 1552 436 1618; x_wconf 84' lang='lat' dir='ltr'><em>caitus</em></span> <span class='ocrx_word' id='word_1_86' title='bbox 449 1572 520 1618; x_wconf 91' lang='lat' dir='ltr'><em>cum</em></span> <span class='ocrx_word' id='word_1_87' title='bbox 533 1554 685 1637; x_wconf 87' lang='lat' dir='ltr'><em>ablativo)</em></span> <span class='ocrx_word' id='word_1_88' title='bbox 701 1555 827 1619; x_wconf 91' lang='lat' dir='ltr'><em>nullom</em></span> <span class='ocrx_word' id='word_1_89' title='bbox 843 1556 1021 1640; x_wconf 85' lang='lat' dir='ltr'><em>exemplum</em></span> <span class='ocrx_word' id='word_1_90' title='bbox 1039 1555 1202 1632; x_wconf 82' lang='lat' dir='ltr'><em>allevatur,</em></span> <span class='ocrx_word' id='word_1_91' title='bbox 1217 1554 1277 1619; x_wconf 91' lang='lat' dir='ltr'><em>nisi</em></span> <span class='ocrx_word' id='word_1_92' title='bbox 1296 1555 1375 1619; x_wconf 80' lang='lat' dir='ltr'><em>lorte</em></span> <span class='ocrx_word' id='word_1_93' title='bbox 1390 1573 1462 1619; x_wconf 91' lang='lat' dir='ltr'><em>cum</em></span> 
     </span>
     <span class='ocr_line' id='line_1_12' title="bbox 188 1657 1461 1746; baseline 0.001 -20"><span class='ocrx_word' id='word_1_94' title='bbox 188 1680 262 1726; x_wconf 86' lang='lat' dir='ltr'><em>voce</em></span> <span class='ocrx_word' id='word_1_95' title='bbox 280 1657 394 1739; x_wconf 71' lang='lat' dir='ltr'><em>domm</em></span> <span class='ocrx_word' id='word_1_96' title='bbox 419 1661 561 1726; x_wconf 90' lang='lat' dir='ltr'><em>dativum</em></span> <span class='ocrx_word' id='word_1_97' title='bbox 578 1661 683 1746; x_wconf 90' lang='lat' dir='ltr'><em>potios</em></span> <span class='ocrx_word' id='word_1_98' title='bbox 703 1660 755 1726; x_wconf 87' lang='lat' dir='ltr'><em>hic</em></span> <span class='ocrx_word' id='word_1_99' title='bbox 776 1680 832 1746; x_wconf 82' lang='lat' dir='ltr'><em>pro</em></span> <span class='ocrx_word' id='word_1_100' title='bbox 847 1661 985 1746; x_wconf 86' lang='lat' dir='ltr'><em>genitivo</em></span> <span class='ocrx_word' id='word_1_101' title='bbox 1002 1661 1139 1746; x_wconf 83' lang='lat' dir='ltr'><em>positum</em></span> <span class='ocrx_word' id='word_1_102' title='bbox 1159 1682 1225 1726; x_wconf 83' lang='lat' dir='ltr'><em>esse</em></span> <span class='ocrx_word' id='word_1_103' title='bbox 1249 1661 1404 1726; x_wconf 81' lang='lat' dir='ltr'><em>existimo.</em></span> <span class='ocrx_word' id='word_1_104' title='bbox 1428 1661 1461 1727; x_wconf 89' lang='lat' dir='ltr'><em>Si</em></span> 
     </span>
     <span class='ocr_line' id='line_1_13' title="bbox 189 1766 1463 1856; baseline -0.001 -22"><span class='ocrx_word' id='word_1_105' title='bbox 189 1767 273 1834; x_wconf 90' lang='lat' dir='ltr'><em>enim</em></span> <span class='ocrx_word' id='word_1_106' title='bbox 296 1768 400 1833; x_wconf 74' lang='lat' dir='ltr'><em>Caesar</em></span> <span class='ocrx_word' id='word_1_107' title='bbox 423 1767 472 1852; x_wconf 87' lang='lat' dir='ltr'><em>(B.</em></span> <span class='ocrx_word' id='word_1_108' title='bbox 497 1767 565 1833; x_wconf 87' lang='lat' dir='ltr'><em>Civ.</em></span> <span class='ocrx_word' id='word_1_109' title='bbox 591 1767 623 1843; x_wconf 82' lang='lat'><em>3,</em></span> <span class='ocrx_word' id='word_1_110' title='bbox 641 1767 675 1846; x_wconf 82' lang='grc'>9,</span> <span class='ocrx_word' id='word_1_111' title='bbox 692 1768 739 1851; x_wconf 89' lang='grc'><em>8),</em></span> <span class='ocrx_word' id='word_1_112' title='bbox 764 1766 1020 1856; x_wconf 72' lang='lat' dir='ltr'><em>opprrqnationis</em></span> <span class='ocrx_word' id='word_1_113' title='bbox 1034 1768 1152 1844; x_wconf 75' lang='lat' dir='ltr'><em>eritas,</em></span> <span class='ocrx_word' id='word_1_114' title='bbox 1175 1769 1343 1834; x_wconf 87' lang='lat' dir='ltr'><em>Cornelius</em></span> <span class='ocrx_word' id='word_1_115' title='bbox 1360 1769 1463 1852; x_wconf 82' lang='lat' dir='ltr'><strong>Nepos</strong></span> 
     </span>
     <span class='ocr_line' id='line_1_14' title="bbox 189 1861 1545 1952; baseline 0 -13"><span class='ocrx_word' id='word_1_116' title='bbox 189 1874 264 1940; x_wconf 79' lang='lat' dir='ltr'><em>cita</em></span> <span class='ocrx_word' id='word_1_117' title='bbox 280 1872 386 1938; x_wconf 81' lang='lat' dir='ltr'><em>eaitirs</em></span> <span class='ocrx_word' id='word_1_118' title='bbox 400 1873 492 1952; x_wconf 80' lang='lat' dir='ltr'><em>divit,</em></span> <span class='ocrx_word' id='word_1_119' title='bbox 509 1892 571 1939; x_wconf 90' lang='lat' dir='ltr'><em>non</em></span> <span class='ocrx_word' id='word_1_120' title='bbox 588 1874 679 1940; x_wconf 89' lang='lat' dir='ltr'><em>video</em></span> <span class='ocrx_word' id='word_1_121' title='bbox 694 1894 751 1940; x_wconf 90' lang='lat' dir='ltr'><em>cur</em></span> <span class='ocrx_word' id='word_1_122' title='bbox 765 1875 822 1941; x_wconf 89' lang='lat' dir='ltr'><em>hoc</em></span> <span class='ocrx_word' id='word_1_123' title='bbox 840 1876 906 1941; x_wconf 89' lang='lat' dir='ltr'><em>loco</em></span> <span class='ocrx_word' id='word_1_124' title='bbox 922 1874 1047 1940; x_wconf 81' lang='lat' dir='ltr'><em>ercitum</em></span> <span class='ocrx_word' id='word_1_125' title='bbox 1065 1874 1165 1940; x_wconf 90' lang='lat' dir='ltr'><em>tantis</em></span> <span class='ocrx_word' id='word_1_126' title='bbox 1179 1873 1277 1940; x_wconf 87' lang='lat' dir='ltr'><em>mulis</em></span> <span class='ocrx_word' id='word_1_127' title='bbox 1293 1874 1463 1940; x_wconf 79' lang='lat' dir='ltr'><em>Sallustius</em></span> <span class='ocrx_word' id='word_1_128' title='bbox 1541 1861 1545 1868; x_wconf 74' lang='grc'><strong>’</strong></span> 
     </span>
     <span class='ocr_line' id='line_1_15' title="bbox 188 1978 1463 2067; baseline 0.002 -24"><span class='ocrx_word' id='word_1_129' title='bbox 188 1998 251 2045; x_wconf 88' lang='lat' dir='ltr'><em>non</em></span> <span class='ocrx_word' id='word_1_130' title='bbox 269 1978 396 2055; x_wconf 81' lang='lat' dir='ltr'><em>dixerit,</em></span> <span class='ocrx_word' id='word_1_131' title='bbox 418 1999 490 2046; x_wconf 92' lang='lat' dir='ltr'><em>cum</em></span> <span class='ocrx_word' id='word_1_132' title='bbox 514 1981 662 2067; x_wconf 86' lang='lat' dir='ltr'><em>pluribus</em></span> <span class='ocrx_word' id='word_1_133' title='bbox 678 1982 754 2046; x_wconf 90' lang='lat' dir='ltr'><em>locis</em></span> <span class='ocrx_word' id='word_1_134' title='bbox 776 2002 848 2048; x_wconf 86' lang='lat' dir='ltr'><em>eum</em></span> <span class='ocrx_word' id='word_1_135' title='bbox 868 2001 923 2067; x_wconf 85' lang='lat' dir='ltr'><em>pro</em></span> <span class='ocrx_word' id='word_1_136' title='bbox 947 1983 1085 2066; x_wconf 80' lang='lat' dir='ltr'><em>genitivo</em></span> <span class='ocrx_word' id='word_1_137' title='bbox 1111 1982 1253 2046; x_wconf 88' lang='lat' dir='ltr'><em>dativum</em></span> <span class='ocrx_word' id='word_1_138' title='bbox 1281 1981 1463 2047; x_wconf 84' lang='lat' dir='ltr'><em>adhibuisse</em></span> 
     </span>
     <span class='ocr_line' id='line_1_16' title="bbox 187 2085 1464 2174; baseline 0.002 -24"><span class='ocrx_word' id='word_1_139' title='bbox 187 2097 318 2152; x_wconf 86' lang='lat' dir='ltr'><em>constet.</em></span> <span class='ocrx_word' id='word_1_140' title='bbox 340 2087 487 2152; x_wconf 83' lang='lat' dir='ltr'><em>Ceterum</em></span> <span class='ocrx_word' id='word_1_141' title='bbox 504 2087 615 2153; x_wconf 89' lang='lat' dir='ltr'><em>confer</em></span> <span class='ocrx_word' id='word_1_142' title='bbox 632 2089 704 2174; x_wconf 84' lang='lat' dir='ltr'><em>lug.</em></span> <span class='ocrx_word' id='word_1_143' title='bbox 728 2090 780 2166; x_wconf 80' lang='lat' dir='ltr'><em>ll,</em></span> <span class='ocrx_word' id='word_1_144' title='bbox 803 2089 859 2166; x_wconf 66' lang='lat' dir='ltr'><em>il,</em></span> <span class='ocrx_word' id='word_1_145' title='bbox 880 2087 1136 2153; x_wconf 82' lang='lat' dir='ltr'><em>atinamcmori</em></span> <span class='ocrx_word' id='word_1_146' title='bbox 1153 2088 1288 2154; x_wconf 88' lang='lat' dir='ltr'><em>lortunis</em></span> <span class='ocrx_word' id='word_1_147' title='bbox 1307 2088 1386 2153; x_wconf 89' lang='lat' dir='ltr'><em>meis</em></span> <span class='ocrx_word' id='word_1_148' title='bbox 1402 2085 1464 2152; x_wconf 85' lang='lat' dir='ltr'><em>ba-</em></span> 
     </span>
     <span class='ocr_line' id='line_1_17' title="bbox 187 2192 1098 2272; baseline -0.001 -14"><span class='ocrx_word' id='word_1_149' title='bbox 187 2205 298 2258; x_wconf 85' lang='lat' dir='ltr'><em>nestas</em></span> <span class='ocrx_word' id='word_1_150' title='bbox 313 2192 419 2258; x_wconf 79' lang='lat' dir='ltr'><em>eritas</em></span> <span class='ocrx_word' id='word_1_151' title='bbox 434 2205 523 2272; x_wconf 86' lang='lat' dir='ltr'><em>esset,</em></span> <span class='ocrx_word' id='word_1_152' title='bbox 542 2195 594 2260; x_wconf 89' lang='lat' dir='ltr'><em>ubi</em></span> <span class='ocrx_word' id='word_1_153' title='bbox 615 2195 774 2261; x_wconf 82' lang='lat' dir='ltr'><em>ablativus</em></span> <span class='ocrx_word' id='word_1_154' title='bbox 790 2214 864 2260; x_wconf 85' lang='lat' dir='ltr'><em>sane</em></span> <span class='ocrx_word' id='word_1_155' title='bbox 879 2196 991 2261; x_wconf 91' lang='lat' dir='ltr'><em>durior</em></span> <span class='ocrx_word' id='word_1_156' title='bbox 1005 2206 1098 2261; x_wconf 82' lang='lat' dir='ltr'><em>esset.</em></span> 
     </span>
    </p>

    <p class='ocr_par' dir='ltr' id='par_1_4' title="bbox 189 2299 1462 2474">
     <span class='ocr_line' id='line_1_18' title="bbox 233 2299 1462 2390; baseline -0.001 -25"><span class='ocrx_word' id='word_1_157' title='bbox 233 2301 375 2384; x_wconf 81' lang='lat' dir='ltr'><em>Denique</em></span> <span class='ocrx_word' id='word_1_158' title='bbox 391 2302 458 2366; x_wconf 55' lang='lat' dir='ltr'><em>Cat,</em></span> <span class='ocrx_word' id='word_1_159' title='bbox 486 2302 540 2376; x_wconf 70' lang='grc'>40,</span> <span class='ocrx_word' id='word_1_160' title='bbox 559 2300 590 2380; x_wconf 84' lang='grc'>3,</span> <span class='ocrx_word' id='word_1_161' title='bbox 609 2301 746 2366; x_wconf 88' lang='lat' dir='ltr'><em>miseriis</em></span> <span class='ocrx_word' id='word_1_162' title='bbox 761 2303 827 2367; x_wconf 89' lang='lat' dir='ltr'><em>suis</em></span> <span class='ocrx_word' id='word_1_163' title='bbox 846 2299 1028 2366; x_wconf 83' lang='lat' dir='ltr'><em>remedium</em></span> <span class='ocrx_word' id='word_1_164' title='bbox 1048 2313 1186 2367; x_wconf 81' lang='lat' dir='ltr'><em>mortem</em></span> <span class='ocrx_word' id='word_1_165' title='bbox 1202 2312 1386 2390; x_wconf 71' lang='lat' dir='ltr'><em>aspectare,</em></span> <span class='ocrx_word' id='word_1_166' title='bbox 1402 2320 1462 2365; x_wconf 81' lang='lat' dir='ltr'><em>vox</em></span> 
     </span>
     <span class='ocr_line' id='line_1_19' title="bbox 189 2387 819 2474; baseline 0.005 -4"><span class='ocrx_word' id='word_1_167' title='bbox 189 2403 330 2471; x_wconf 85' lang='lat' dir='ltr'><em>miseriis</em></span> <span class='ocrx_word' id='word_1_168' title='bbox 346 2407 441 2472; x_wconf 86' lang='lat' dir='ltr'><em>etiam</em></span> <span class='ocrx_word' id='word_1_169' title='bbox 457 2387 582 2473; x_wconf 67' lang='lat' dir='ltr'><em>dadvus</em></span> <span class='ocrx_word' id='word_1_170' title='bbox 599 2428 665 2474; x_wconf 88' lang='lat' dir='ltr'><em>esse</em></span> <span class='ocrx_word' id='word_1_171' title='bbox 682 2407 819 2473; x_wconf 87' lang='lat' dir='ltr'><em>videtur.</em></span> 
     </span>
    </p>

    <p class='ocr_par' dir='ltr' id='par_1_5' title="bbox 187 2513 1464 3862">
     <span class='ocr_line' id='line_1_20' title="bbox 233 2513 1462 2601; baseline 0 -23"><span class='ocrx_word' id='word_1_172' title='bbox 233 2515 322 2578; x_wconf 88' lang='lat' dir='ltr'><em>Nunc</em></span> <span class='ocrx_word' id='word_1_173' title='bbox 336 2533 408 2579; x_wconf 87' lang='lat' dir='ltr'><em>voro</em></span> <span class='ocrx_word' id='word_1_174' title='bbox 431 2513 455 2577; x_wconf 90' lang='lat' dir='ltr'><em>si</em></span> <span class='ocrx_word' id='word_1_175' title='bbox 478 2515 633 2579; x_wconf 82' lang='lat' dir='ltr'><em>rollonem</em></span> <span class='ocrx_word' id='word_1_176' title='bbox 648 2514 744 2601; x_wconf 76' lang='lat' dir='ltr'><em>liujus</em></span> <span class='ocrx_word' id='word_1_177' title='bbox 768 2514 1012 2581; x_wconf 83' lang='lat' dir='ltr'><em>constructionis</em></span> <span class='ocrx_word' id='word_1_178' title='bbox 1034 2515 1215 2600; x_wconf 84' lang='lat' dir='ltr'><em>perquiras,</em></span> <span class='ocrx_word' id='word_1_179' title='bbox 1237 2534 1255 2578; x_wconf 91' lang='lat' dir='ltr'><em>a</em></span> <span class='ocrx_word' id='word_1_180' title='bbox 1279 2513 1462 2580; x_wconf 83' lang='lat' dir='ltr'><em>discrimine</em></span> 
     </span>
     <span class='ocr_line' id='line_1_21' title="bbox 190 2619 1461 2706; baseline 0.001 -22"><span class='ocrx_word' id='word_1_181' title='bbox 190 2619 359 2705; x_wconf 85' lang='lat' dir='ltr'><em>repetenda</em></span> <span class='ocrx_word' id='word_1_182' title='bbox 374 2632 419 2686; x_wconf 88' lang='lat' dir='ltr'><em>est</em></span> <span class='ocrx_word' id='word_1_183' title='bbox 431 2622 514 2706; x_wconf 89' lang='lat' dir='ltr'><em>qood</em></span> <span class='ocrx_word' id='word_1_184' title='bbox 526 2622 607 2687; x_wconf 86' lang='lat' dir='ltr'><em>inter</em></span> <span class='ocrx_word' id='word_1_185' title='bbox 622 2621 751 2686; x_wconf 90' lang='lat' dir='ltr'><em>nomina</em></span> <span class='ocrx_word' id='word_1_186' title='bbox 767 2634 796 2687; x_wconf 83' lang='lat' dir='ltr'><em>el</em></span> <span class='ocrx_word' id='word_1_187' title='bbox 812 2623 908 2688; x_wconf 87' lang='lat' dir='ltr'><em>verba</em></span> <span class='ocrx_word' id='word_1_188' title='bbox 922 2622 1098 2687; x_wconf 86' lang='lat' dir='ltr'><em>intercedit.</em></span> <span class='ocrx_word' id='word_1_189' title='bbox 1119 2647 1130 2680; x_wconf 64' lang='lat' dir='ltr'><em>a</em></span> <span class='ocrx_word' id='word_1_190' title='bbox 1144 2620 1301 2687; x_wconf 91' lang='lat' dir='ltr'><em>Nimirum</em></span> <span class='ocrx_word' id='word_1_191' title='bbox 1318 2621 1461 2700; x_wconf 86' lang='lat' dir='ltr'><em>nomina,</em></span> 
     </span>
     <span class='ocr_line' id='line_1_22' title="bbox 189 2726 1461 2816; baseline -0.002 -22"><span class='ocrx_word' id='word_1_192' title='bbox 189 2726 347 2794; x_wconf 88' lang='lat' dir='ltr'><em>Grucndcl</em></span> <span class='ocrx_word' id='word_1_193' title='bbox 364 2728 481 2814; x_wconf 82' lang='lat' dir='ltr'><em>inquit,</em></span> <span class='ocrx_word' id='word_1_194' title='bbox 499 2748 556 2813; x_wconf 89' lang='lat' dir='ltr'><em>per</em></span> <span class='ocrx_word' id='word_1_195' title='bbox 574 2749 606 2794; x_wconf 88' lang='lat' dir='ltr'><em>se</em></span> <span class='ocrx_word' id='word_1_196' title='bbox 631 2729 811 2815; x_wconf 83' lang='lat' dir='ltr'><em>significant</em></span> <span class='ocrx_word' id='word_1_197' title='bbox 827 2729 951 2815; x_wconf 88' lang='lat' dir='ltr'><em>aliquid</em></span> <span class='ocrx_word' id='word_1_198' title='bbox 973 2729 1058 2816; x_wconf 90' lang='lat' dir='ltr'><em>quod</em></span> <span class='ocrx_word' id='word_1_199' title='bbox 1078 2729 1192 2794; x_wconf 85' lang='lat' dir='ltr'><em>stabile</em></span> <span class='ocrx_word' id='word_1_200' title='bbox 1207 2739 1253 2794; x_wconf 85' lang='lat' dir='ltr'><em>est</em></span> <span class='ocrx_word' id='word_1_201' title='bbox 1270 2747 1327 2793; x_wconf 89' lang='lat' dir='ltr'><em>nec</em></span> <span class='ocrx_word' id='word_1_202' title='bbox 1342 2738 1461 2792; x_wconf 90' lang='lat' dir='ltr'><em>motum</em></span> 
     </span>
     <span class='ocr_line' id='line_1_23' title="bbox 189 2833 1462 2922; baseline 0.002 -24"><span class='ocrx_word' id='word_1_203' title='bbox 189 2833 294 2910; x_wconf 80' lang='lat' dir='ltr'><em>haber,</em></span> <span class='ocrx_word' id='word_1_204' title='bbox 318 2835 413 2899; x_wconf 88' lang='lat' dir='ltr'><em>verba</em></span> <span class='ocrx_word' id='word_1_205' title='bbox 431 2846 541 2900; x_wconf 85' lang='lat' dir='ltr'><em>contra</em></span> <span class='ocrx_word' id='word_1_206' title='bbox 556 2836 653 2922; x_wconf 89' lang='lat' dir='ltr'><em>quod.</em></span> <span class='ocrx_word' id='word_1_207' title='bbox 674 2845 710 2901; x_wconf 92' lang='lat' dir='ltr'><em>ut</em></span> <span class='ocrx_word' id='word_1_208' title='bbox 737 2837 780 2901; x_wconf 92' lang='lat' dir='ltr'><em>ita</em></span> <span class='ocrx_word' id='word_1_209' title='bbox 799 2835 915 2912; x_wconf 84' lang='lat' dir='ltr'><em>dicam,</em></span> <span class='ocrx_word' id='word_1_210' title='bbox 942 2837 1015 2902; x_wconf 86' lang='lat' dir='ltr'><em>lluit</em></span> <span class='ocrx_word' id='word_1_211' title='bbox 1030 2845 1125 2920; x_wconf 86' lang='lat' dir='ltr'><em>atque</em></span> <span class='ocrx_word' id='word_1_212' title='bbox 1147 2835 1250 2902; x_wconf 85' lang='lat' dir='ltr'><em>fluens</em></span> <span class='ocrx_word' id='word_1_213' title='bbox 1270 2833 1360 2900; x_wconf 88' lang='lat' dir='ltr'><em>aliud</em></span> <span class='ocrx_word' id='word_1_214' title='bbox 1383 2835 1462 2920; x_wconf 90' lang='lat' dir='ltr'><em>quid</em></span> 
     </span>
     <span class='ocr_line' id='line_1_24' title="bbox 188 2940 1462 3028; baseline 0.002 -24"><span class='ocrx_word' id='word_1_215' title='bbox 188 2951 241 3006; x_wconf 89' lang='lat' dir='ltr'><em>aut</em></span> <span class='ocrx_word' id='word_1_216' title='bbox 255 2940 353 3005; x_wconf 86' lang='lat' dir='ltr'><em>elficit</em></span> <span class='ocrx_word' id='word_1_217' title='bbox 369 2943 413 3006; x_wconf 88' lang='lat' dir='ltr'><em>vel</em></span> <span class='ocrx_word' id='word_1_218' title='bbox 425 2941 522 3006; x_wconf 77' lang='lat' dir='ltr'><em>allicit</em></span> <span class='ocrx_word' id='word_1_219' title='bbox 538 2945 684 3026; x_wconf 88' lang='lat' dir='ltr'><em>(accus.)‚</em></span> <span class='ocrx_word' id='word_1_220' title='bbox 703 2951 758 3008; x_wconf 91' lang='lat' dir='ltr'><em>aut</em></span> <span class='ocrx_word' id='word_1_221' title='bbox 773 2963 810 3008; x_wconf 89' lang='lat' dir='ltr'><em>eo</em></span> <span class='ocrx_word' id='word_1_222' title='bbox 825 2943 967 3028; x_wconf 88' lang='lat' dir='ltr'><em>procedit</em></span> <span class='ocrx_word' id='word_1_223' title='bbox 981 2942 1089 3027; x_wconf 72' lang='lat' dir='ltr'><em>(dau),</em></span> <span class='ocrx_word' id='word_1_224' title='bbox 1108 2942 1309 3027; x_wconf 87' lang='lat' dir='ltr'><em>autdenique</em></span> <span class='ocrx_word' id='word_1_225' title='bbox 1320 2941 1395 3006; x_wconf 88' lang='lat' dir='ltr'><em>indo</em></span> <span class='ocrx_word' id='word_1_226' title='bbox 1409 2960 1462 3006; x_wconf 90' lang='lat' dir='ltr'><em>rc·</em></span> 
     </span>
     <span class='ocr_line' id='line_1_25' title="bbox 188 3046 1462 3134; baseline 0.002 -23"><span class='ocrx_word' id='word_1_227' title='bbox 188 3046 270 3112; x_wconf 87' lang='lat' dir='ltr'><em>cedit</em></span> <span class='ocrx_word' id='word_1_228' title='bbox 284 3047 423 3131; x_wconf 83' lang='lat' dir='ltr'><em>(ablat).</em></span> <span class='ocrx_word' id='word_1_229' title='bbox 440 3049 677 3115; x_wconf 87' lang='lat' dir='ltr'><em>Consectarium</em></span> <span class='ocrx_word' id='word_1_230' title='bbox 695 3047 792 3134; x_wconf 84' lang='lat' dir='ltr'><em>igilur</em></span> <span class='ocrx_word' id='word_1_231' title='bbox 806 3058 853 3114; x_wconf 87' lang='lat' dir='ltr'><em>est</em></span> <span class='ocrx_word' id='word_1_232' title='bbox 867 3049 997 3115; x_wconf 90' lang='lat' dir='ltr'><em>nomina</em></span> <span class='ocrx_word' id='word_1_233' title='bbox 1013 3049 1141 3134; x_wconf 85' lang='lat' dir='ltr'><em>proprie</em></span> <span class='ocrx_word' id='word_1_234' title='bbox 1154 3068 1224 3114; x_wconf 91' lang='lat' dir='ltr'><em>cum</em></span> <span class='ocrx_word' id='word_1_235' title='bbox 1241 3048 1380 3134; x_wconf 86' lang='lat' dir='ltr'><em>genitivo</em></span> <span class='ocrx_word' id='word_1_236' title='bbox 1394 3049 1462 3114; x_wconf 93' lang='lat' dir='ltr'><em>solo</em></span> 
     </span>
     <span class='ocr_line' id='line_1_26' title="bbox 188 3153 1462 3242; baseline 0 -24"><span class='ocrx_word' id='word_1_237' title='bbox 188 3153 335 3240; x_wconf 83' lang='lat' dir='ltr'><em>conjungi</em></span> <span class='ocrx_word' id='word_1_238' title='bbox 355 3174 454 3239; x_wconf 81' lang='lat' dir='ltr'><em>posse,</em></span> <span class='ocrx_word' id='word_1_239' title='bbox 472 3155 590 3241; x_wconf 85' lang='lat' dir='ltr'><em>quippo</em></span> <span class='ocrx_word' id='word_1_240' title='bbox 605 3176 668 3242; x_wconf 92' lang='lat' dir='ltr'><em>quo</em></span> <span class='ocrx_word' id='word_1_241' title='bbox 688 3176 762 3220; x_wconf 89' lang='lat' dir='ltr'><em>casu</em></span> <span class='ocrx_word' id='word_1_242' title='bbox 779 3157 861 3221; x_wconf 89' lang='lat' dir='ltr'><em>ratio</em></span> <span class='ocrx_word' id='word_1_243' title='bbox 881 3156 1018 3221; x_wconf 89' lang='lat' dir='ltr'><em>duarum</em></span> <span class='ocrx_word' id='word_1_244' title='bbox 1040 3174 1148 3220; x_wconf 88' lang='lat' dir='ltr'><em>rorum</em></span> <span class='ocrx_word' id='word_1_245' title='bbox 1161 3155 1269 3242; x_wconf 87' lang='lat' dir='ltr'><em>quieto</em></span> <span class='ocrx_word' id='word_1_246' title='bbox 1288 3164 1371 3220; x_wconf 88' lang='lat' dir='ltr'><em>stato</em></span> <span class='ocrx_word' id='word_1_247' title='bbox 1392 3173 1462 3220; x_wconf 90' lang='lat' dir='ltr'><em>arc·</em></span> 
     </span>
     <span class='ocr_line' id='line_1_27' title="bbox 189 3246 1461 3346; baseline 0 -20"><span class='ocrx_word' id='word_1_248' title='bbox 189 3261 307 3327; x_wconf 87' lang='lat' dir='ltr'><em>tissime</em></span> <span class='ocrx_word' id='word_1_249' title='bbox 333 3261 561 3326; x_wconf 83' lang='lat' dir='ltr'><em>adhaerentium</em></span> <span class='ocrx_word' id='word_1_250' title='bbox 582 3261 788 3346; x_wconf 78' lang='lat' dir='ltr'><em>significetur.</em></span> <span class='ocrx_word' id='word_1_251' title='bbox 817 3246 907 3340; x_wconf 82' lang='lat' dir='ltr'><em>Quod</em></span> <span class='ocrx_word' id='word_1_252' title='bbox 932 3261 957 3326; x_wconf 93' lang='lat' dir='ltr'><em>si</em></span> <span class='ocrx_word' id='word_1_253' title='bbox 983 3271 1087 3327; x_wconf 87' lang='lat' dir='ltr'><em>tamen</em></span> <span class='ocrx_word' id='word_1_254' title='bbox 1109 3280 1172 3327; x_wconf 93' lang='lat' dir='ltr'><em>non</em></span> <span class='ocrx_word' id='word_1_255' title='bbox 1194 3261 1237 3326; x_wconf 88' lang='lat' dir='ltr'><em>ita</em></span> <span class='ocrx_word' id='word_1_256' title='bbox 1255 3281 1355 3346; x_wconf 88' lang='lat' dir='ltr'><em>pauca</em></span> <span class='ocrx_word' id='word_1_257' title='bbox 1376 3262 1461 3326; x_wconf 88' lang='lat' dir='ltr'><em>inve·</em></span> 
     </span>
     <span class='ocr_line' id='line_1_28' title="bbox 188 3367 1462 3454; baseline 0 -22"><span class='ocrx_word' id='word_1_258' title='bbox 188 3367 333 3447; x_wconf 79' lang='lat' dir='ltr'><em>ciuntur,</em></span> <span class='ocrx_word' id='word_1_259' title='bbox 350 3388 422 3454; x_wconf 87' lang='lat' dir='ltr'><em>qaae</em></span> <span class='ocrx_word' id='word_1_260' title='bbox 437 3369 516 3434; x_wconf 88' lang='lat' dir='ltr'><em>alios</em></span> <span class='ocrx_word' id='word_1_261' title='bbox 542 3387 633 3434; x_wconf 86' lang='lat' dir='ltr'><em>casus</em></span> <span class='ocrx_word' id='word_1_262' title='bbox 650 3387 745 3454; x_wconf 86' lang='lat' dir='ltr'><em>quam</em></span> <span class='ocrx_word' id='word_1_263' title='bbox 768 3369 942 3453; x_wconf 82' lang='lat' dir='ltr'><em>genitivum</em></span> <span class='ocrx_word' id='word_1_264' title='bbox 963 3367 1023 3433; x_wconf 90' lang='lat' dir='ltr'><em>sibi</em></span> <span class='ocrx_word' id='word_1_265' title='bbox 1042 3379 1217 3441; x_wconf 76' lang='lat' dir='ltr'><em>assumant,</em></span> <span class='ocrx_word' id='word_1_266' title='bbox 1244 3376 1299 3432; x_wconf 87' lang='lat' dir='ltr'><em>aut</em></span> <span class='ocrx_word' id='word_1_267' title='bbox 1313 3368 1462 3432; x_wconf 77' lang='lat' dir='ltr'><em>substan-</em></span> 
     </span>
     <span class='ocr_line' id='line_1_29' title="bbox 188 3470 1464 3560; baseline -0.001 -21"><span class='ocrx_word' id='word_1_268' title='bbox 188 3475 252 3541; x_wconf 91' lang='lat' dir='ltr'><em>tiva</em></span> <span class='ocrx_word' id='word_1_269' title='bbox 276 3476 419 3540; x_wconf 81' lang='lat' dir='ltr'><em>verbalia</em></span> <span class='ocrx_word' id='word_1_270' title='bbox 449 3486 534 3549; x_wconf 88' lang='lat' dir='ltr'><em>sont,</em></span> <span class='ocrx_word' id='word_1_271' title='bbox 564 3475 681 3560; x_wconf 86' lang='lat' dir='ltr'><em>quihus</em></span> <span class='ocrx_word' id='word_1_272' title='bbox 707 3486 831 3540; x_wconf 88' lang='lat' dir='ltr'><em>suamet</em></span> <span class='ocrx_word' id='word_1_273' title='bbox 858 3495 895 3540; x_wconf 84' lang='lat' dir='ltr'><em>ex</em></span> <span class='ocrx_word' id='word_1_274' title='bbox 915 3475 1037 3560; x_wconf 85' lang='lat' dir='ltr'><em>origine</em></span> <span class='ocrx_word' id='word_1_275' title='bbox 1064 3477 1151 3540; x_wconf 88' lang='lat' dir='ltr'><em>notio</em></span> <span class='ocrx_word' id='word_1_276' title='bbox 1180 3476 1223 3540; x_wconf 85' lang='lat' dir='ltr'><em>rei</em></span> <span class='ocrx_word' id='word_1_277' title='bbox 1257 3475 1396 3553; x_wconf 85' lang='lat' dir='ltr'><em>fluentis,</em></span> <span class='ocrx_word' id='word_1_278' title='bbox 1427 3470 1464 3538; x_wconf 90' lang='lat' dir='ltr'><em>id</em></span> 
     </span>
     <span class='ocr_line' id='line_1_30' title="bbox 187 3565 1461 3670; baseline 0.002 -25"><span class='ocrx_word' id='word_1_279' title='bbox 187 3593 235 3646; x_wconf 90' lang='lat' dir='ltr'><em>cst</em></span> <span class='ocrx_word' id='word_1_280' title='bbox 253 3582 387 3647; x_wconf 90' lang='lat' dir='ltr'><em>actionis</em></span> <span class='ocrx_word' id='word_1_281' title='bbox 405 3581 497 3658; x_wconf 90' lang='lat' dir='ltr'><em>inest,</em></span> <span class='ocrx_word' id='word_1_282' title='bbox 516 3593 571 3647; x_wconf 86' lang='lat' dir='ltr'><em>ant</em></span> <span class='ocrx_word' id='word_1_283' title='bbox 593 3581 746 3670; x_wconf 86' lang='lat' dir='ltr'><em>ejusmodi</em></span> <span class='ocrx_word' id='word_1_284' title='bbox 767 3591 841 3648; x_wconf 89' lang='lat' dir='ltr'><em>sunt</em></span> <span class='ocrx_word' id='word_1_285' title='bbox 863 3591 898 3647; x_wconf 89' lang='lat' dir='ltr'><em>ut</em></span> <span class='ocrx_word' id='word_1_286' title='bbox 922 3581 962 3646; x_wconf 91' lang='lat' dir='ltr'><em>iis</em></span> <span class='ocrx_word' id='word_1_287' title='bbox 981 3582 1062 3648; x_wconf 88' lang='lat' dir='ltr'><em>hano</em></span> <span class='ocrx_word' id='word_1_288' title='bbox 1089 3565 1258 3647; x_wconf 88' lang='lat' dir='ltr'><em>notionem</em></span> <span class='ocrx_word' id='word_1_289' title='bbox 1272 3565 1461 3666; x_wconf 71' lang='lat' dir='ltr'><em>cogitatione</em></span> 
     </span>
     <span class='ocr_line' id='line_1_31' title="bbox 187 3684 1459 3775; baseline 0 -22"><span class='ocrx_word' id='word_1_290' title='bbox 187 3699 270 3753; x_wconf 84' lang='lat' dir='ltr'><em>cerlo</em></span> <span class='ocrx_word' id='word_1_291' title='bbox 290 3689 429 3754; x_wconf 88' lang='lat' dir='ltr'><em>inserere</em></span> <span class='ocrx_word' id='word_1_292' title='bbox 450 3689 554 3754; x_wconf 85' lang='lat' dir='ltr'><em>liceat.</em></span> <span class='ocrx_word' id='word_1_293' title='bbox 582 3713 597 3748; x_wconf 80' lang='lat' dir='ltr'><em>a</em></span> <span class='ocrx_word' id='word_1_294' title='bbox 624 3688 714 3768; x_wconf 84' lang='lat' dir='ltr'><em>Quod</em></span> <span class='ocrx_word' id='word_1_295' title='bbox 733 3689 864 3775; x_wconf 84' lang='lat' dir='ltr'><em>quidem</em></span> <span class='ocrx_word' id='word_1_296' title='bbox 886 3688 924 3754; x_wconf 88' lang='lat' dir='ltr'><em>de</em></span> <span class='ocrx_word' id='word_1_297' title='bbox 947 3688 1155 3755; x_wconf 82' lang='lat' dir='ltr'><em>substantivis</em></span> <span class='ocrx_word' id='word_1_298' title='bbox 1174 3684 1314 3765; x_wconf 78' lang='lat' dir='ltr'><em>insidia,</em></span> <span class='ocrx_word' id='word_1_299' title='bbox 1341 3687 1459 3766; x_wconf 78' lang='lat' dir='ltr'><em>caitus,</em></span> 
     </span>
     <span class='ocr_line' id='line_1_32' title="bbox 187 3793 569 3862; baseline 0.005 -3"><span class='ocrx_word' id='word_1_300' title='bbox 187 3793 367 3860; x_wconf 85' lang='lat' dir='ltr'><em>remedium</em></span> <span class='ocrx_word' id='word_1_301' title='bbox 382 3816 492 3861; x_wconf 89' lang='lat' dir='ltr'><em>verum</em></span> <span class='ocrx_word' id='word_1_302' title='bbox 509 3807 569 3862; x_wconf 89' lang='lat' dir='ltr'><em>cst.</em></span> 
     </span>
    </p>

    <p class='ocr_par' dir='ltr' id='par_1_6' title="bbox 187 3899 1463 4310">
     <span class='ocr_line' id='line_1_33' title="bbox 233 3899 1459 3990; baseline 0 -24"><span class='ocrx_word' id='word_1_303' title='bbox 233 3902 369 3967; x_wconf 81' lang='lat' dir='ltr'><em>Datiano</em></span> <span class='ocrx_word' id='word_1_304' title='bbox 377 3901 572 3990; x_wconf 77' lang='lat' dir='ltr'><em>finaliscum</em></span> <span class='ocrx_word' id='word_1_305' title='bbox 588 3903 763 3989; x_wconf 81' lang='lat' dir='ltr'><em>gerundivo</em></span> <span class='ocrx_word' id='word_1_306' title='bbox 780 3913 836 3968; x_wconf 89' lang='lat' dir='ltr'><em>aut</em></span> <span class='ocrx_word' id='word_1_307' title='bbox 849 3901 1129 3968; x_wconf 87' lang='lat' dir='ltr'><em>comsubstantiva</em></span> <span class='ocrx_word' id='word_1_308' title='bbox 1145 3901 1358 3985; x_wconf 80' lang='lat' dir='ltr'><em>otgerundivo</em></span> <span class='ocrx_word' id='word_1_309' title='bbox 1368 3899 1459 3988; x_wconf 86' lang='lat' dir='ltr'><em>jungi</em></span> 
     </span>
     <span class='ocr_line' id='line_1_34' title="bbox 187 3997 1463 4097; baseline -0.002 -23"><span class='ocrx_word' id='word_1_310' title='bbox 187 4010 278 4089; x_wconf 82' lang='lat' dir='ltr'><em>solet,</em></span> <span class='ocrx_word' id='word_1_311' title='bbox 299 4011 476 4095; x_wconf 84' lang='lat' dir='ltr'><em>pracsertim</em></span> <span class='ocrx_word' id='word_1_312' title='bbox 504 4022 573 4096; x_wconf 83' lang='lat' dir='ltr'><em>post</em></span> <span class='ocrx_word' id='word_1_313' title='bbox 593 4010 749 4097; x_wconf 77' lang='lat' dir='ltr'><em>adJectiva</em></span> <span class='ocrx_word' id='word_1_314' title='bbox 769 4029 840 4095; x_wconf 82' lang='lat' dir='ltr'><em>quaa</em></span> <span class='ocrx_word' id='word_1_315' title='bbox 865 3997 1043 4074; x_wconf 82' lang='lat' dir='ltr'><em>utilitatem</em></span> <span class='ocrx_word' id='word_1_316' title='bbox 1066 4017 1122 4073; x_wconf 89' lang='lat' dir='ltr'><em>aut</em></span> <span class='ocrx_word' id='word_1_317' title='bbox 1147 4005 1355 4072; x_wconf 76' lang='lat' dir='ltr'><em>habilitatem</em></span> <span class='ocrx_word' id='word_1_318' title='bbox 1382 4007 1463 4073; x_wconf 90' lang='lat' dir='ltr'><em>desi·</em></span> 
     </span>
     <span class='ocr_line' id='line_1_35' title="bbox 188 4111 1462 4204; baseline -0.002 -23"><span class='ocrx_word' id='word_1_319' title='bbox 188 4126 302 4202; x_wconf 75' lang='lat' dir='ltr'><em>gnant3</em></span> <span class='ocrx_word' id='word_1_320' title='bbox 328 4117 413 4202; x_wconf 87' lang='lat' dir='ltr'><em>apud</em></span> <span class='ocrx_word' id='word_1_321' title='bbox 433 4116 647 4182; x_wconf 86' lang='lat' dir='ltr'><em>Sallustium:</em></span> <span class='ocrx_word' id='word_1_322' title='bbox 667 4118 746 4182; x_wconf 85' lang='lat' dir='ltr'><em>llist.</em></span> <span class='ocrx_word' id='word_1_323' title='bbox 772 4139 818 4195; x_wconf 85' lang='lat' dir='ltr'><em>m,</em></span> <span class='ocrx_word' id='word_1_324' title='bbox 840 4116 896 4196; x_wconf 82' lang='grc'>65,</span> <span class='ocrx_word' id='word_1_325' title='bbox 913 4118 960 4182; x_wconf 86' lang='lat' dir='ltr'><em>M.</em></span> <span class='ocrx_word' id='word_1_326' title='bbox 981 4114 1145 4182; x_wconf 82' lang='lat' dir='ltr'><em>Antonius</em></span> <span class='ocrx_word' id='word_1_327' title='bbox 1157 4111 1343 4204; x_wconf 79' lang='lat' dir='ltr'><em>perdrtnda</em></span> <span class='ocrx_word' id='word_1_328' title='bbox 1356 4116 1462 4203; x_wconf 79' lang='lat' dir='ltr'><em>pecii-</em></span> 
     </span>
     <span class='ocr_line' id='line_1_36' title="bbox 187 4221 405 4310; baseline -0.005 -22"><span class='ocrx_word' id='word_1_329' title='bbox 187 4221 405 4310; x_wconf 67' lang='lat' dir='ltr'><em>nicolaitas.</em></span> 
     </span>
    </p>

    <p class='ocr_par' dir='ltr' id='par_1_7' title="bbox 186 4327 1534 4847">
     <span class='ocr_line' id='line_1_37' title="bbox 231 4327 1461 4418; baseline -0.002 -24"><span class='ocrx_word' id='word_1_330' title='bbox 231 4331 269 4395; x_wconf 88' lang='lat' dir='ltr'><em>H.</em></span> <span class='ocrx_word' id='word_1_331' title='bbox 294 4366 335 4379; x_wconf 92' lang='lat'><em>-</em></span> <span class='ocrx_word' id='word_1_332' title='bbox 359 4332 491 4397; x_wconf 68' lang='lat' dir='ltr'><em>Diruros</em></span> <span class='ocrx_word' id='word_1_333' title='bbox 510 4351 570 4397; x_wconf 85' lang='lat' dir='ltr'><em>aaa</em></span> <span class='ocrx_word' id='word_1_334' title='bbox 594 4348 779 4397; x_wconf 79' lang='lat' dir='ltr'><em>sosarmus.</em></span> <span class='ocrx_word' id='word_1_335' title='bbox 803 4366 849 4381; x_wconf 91' lang='lat'>—</span> <span class='ocrx_word' id='word_1_336' title='bbox 870 4330 1036 4418; x_wconf 83' lang='lat' dir='ltr'><em>Adjectiva</em></span> <span class='ocrx_word' id='word_1_337' title='bbox 1054 4350 1125 4416; x_wconf 87' lang='lat' dir='ltr'><em>quae</em></span> <span class='ocrx_word' id='word_1_338' title='bbox 1144 4327 1401 4404; x_wconf 81' lang='lat' dir='ltr'><em>similitudinem,</em></span> <span class='ocrx_word' id='word_1_339' title='bbox 1415 4327 1461 4391; x_wconf 86' lang='lat' dir='ltr'><em>vi-</em></span> 
     </span>
     <span class='ocr_line' id='line_1_38' title="bbox 186 4435 1462 4523; baseline -0.002 -20"><span class='ocrx_word' id='word_1_340' title='bbox 186 4439 361 4514; x_wconf 85' lang='lat' dir='ltr'><em>cinitatem,</em></span> <span class='ocrx_word' id='word_1_341' title='bbox 382 4438 555 4503; x_wconf 87' lang='lat' dir='ltr'><em>amicitiam</em></span> <span class='ocrx_word' id='word_1_342' title='bbox 577 4447 632 4502; x_wconf 89' lang='lat' dir='ltr'><em>aut</em></span> <span class='ocrx_word' id='word_1_343' title='bbox 651 4438 760 4503; x_wconf 88' lang='lat' dir='ltr'><em>odium</em></span> <span class='ocrx_word' id='word_1_344' title='bbox 780 4437 946 4523; x_wconf 83' lang='lat' dir='ltr'><em>designant</em></span> <span class='ocrx_word' id='word_1_345' title='bbox 965 4458 1036 4504; x_wconf 90' lang='lat' dir='ltr'><em>cum</em></span> <span class='ocrx_word' id='word_1_346' title='bbox 1056 4438 1162 4503; x_wconf 89' lang='lat' dir='ltr'><em>dativo</em></span> <span class='ocrx_word' id='word_1_347' title='bbox 1181 4435 1272 4522; x_wconf 82' lang='lat' dir='ltr'><em>jungi</em></span> <span class='ocrx_word' id='word_1_348' title='bbox 1289 4437 1389 4501; x_wconf 92' lang='lat' dir='ltr'><em>solere</em></span> <span class='ocrx_word' id='word_1_349' title='bbox 1403 4455 1462 4500; x_wconf 90' lang='lat' dir='ltr'><em>no-</em></span> 
     </span>
     <span class='ocr_line' id='line_1_39' title="bbox 188 4541 1462 4630; baseline -0.002 -21"><span class='ocrx_word' id='word_1_350' title='bbox 188 4556 254 4610; x_wconf 91' lang='lat' dir='ltr'><em>tum</em></span> <span class='ocrx_word' id='word_1_351' title='bbox 270 4556 332 4623; x_wconf 84' lang='lat' dir='ltr'><em>esl3</em></span> <span class='ocrx_word' id='word_1_352' title='bbox 351 4545 454 4611; x_wconf 91' lang='lat' dir='ltr'><em>rarius</em></span> <span class='ocrx_word' id='word_1_353' title='bbox 479 4565 553 4610; x_wconf 92' lang='lat' dir='ltr'><em>vero</em></span> <span class='ocrx_word' id='word_1_354' title='bbox 577 4543 764 4610; x_wconf 87' lang='lat' dir='ltr'><em>substantivi</em></span> <span class='ocrx_word' id='word_1_355' title='bbox 784 4563 952 4630; x_wconf 84' lang='lat' dir='ltr'><em>personam</em></span> <span class='ocrx_word' id='word_1_356' title='bbox 971 4555 1069 4630; x_wconf 82' lang='lat' dir='ltr'><em>agunt</em></span> <span class='ocrx_word' id='word_1_357' title='bbox 1087 4555 1118 4611; x_wconf 88' lang='lat' dir='ltr'><em>et</em></span> <span class='ocrx_word' id='word_1_358' title='bbox 1142 4563 1213 4610; x_wconf 89' lang='lat' dir='ltr'><em>cum</em></span> <span class='ocrx_word' id='word_1_359' title='bbox 1233 4542 1371 4629; x_wconf 79' lang='lat' dir='ltr'><em>genitivo</em></span> <span class='ocrx_word' id='word_1_360' title='bbox 1384 4541 1462 4626; x_wconf 80' lang='lat' dir='ltr'><em>jun·</em></span> 
     </span>
     <span class='ocr_line' id='line_1_40' title="bbox 186 4647 1534 4743; baseline -0.001 -26"><span class='ocrx_word' id='word_1_361' title='bbox 186 4663 317 4736; x_wconf 84' lang='lat' dir='ltr'><em>guntur,</em></span> <span class='ocrx_word' id='word_1_362' title='bbox 330 4661 365 4719; x_wconf 89' lang='lat' dir='ltr'><em>ut</em></span> <span class='ocrx_word' id='word_1_363' title='bbox 376 4652 460 4738; x_wconf 88' lang='lat' dir='ltr'><em>apud</em></span> <span class='ocrx_word' id='word_1_364' title='bbox 471 4652 620 4718; x_wconf 89' lang='lat' dir='ltr'><em>Nostrum</em></span> <span class='ocrx_word' id='word_1_365' title='bbox 637 4647 808 4731; x_wconf 83' lang='lat' dir='ltr'><em>advorsus,</em></span> <span class='ocrx_word' id='word_1_366' title='bbox 827 4651 866 4733; x_wconf 87' lang='lat' dir='ltr'><em>(J.</em></span> <span class='ocrx_word' id='word_1_367' title='bbox 885 4650 940 4730; x_wconf 70' lang='lat'><em>43,</em></span> <span class='ocrx_word' id='word_1_368' title='bbox 957 4653 988 4731; x_wconf 84' lang='lat' dir='ltr'><em>l,</em></span> <span class='ocrx_word' id='word_1_369' title='bbox 1001 4649 1139 4718; x_wconf 87' lang='lat' dir='ltr'><em>advorso</em></span> <span class='ocrx_word' id='word_1_370' title='bbox 1144 4647 1460 4743; x_wconf 66' lang='lat' dir='ltr'><em>nundinantium),</em></span> <span class='ocrx_word' id='word_1_371' title='bbox 1531 4710 1534 4715; x_wconf 89' lang='lat'>.</span> 
     </span>
     <span class='ocr_line' id='line_1_41' title="bbox 187 4755 1516 4847; baseline -0.001 -26"><span class='ocrx_word' id='word_1_372' title='bbox 187 4760 365 4844; x_wconf 73' lang='lat' dir='ltr'><em>annologiam</em></span> <span class='ocrx_word' id='word_1_373' title='bbox 379 4758 462 4824; x_wconf 86' lang='lat' dir='ltr'><em>vocis</em></span> <span class='ocrx_word' id='word_1_374' title='bbox 471 4755 683 4824; x_wconf 81' lang='lat' dir='ltr'><em>aduersarius</em></span> <span class='ocrx_word' id='word_1_375' title='bbox 695 4778 843 4847; x_wconf 82' lang='lat' dir='ltr'><em>soquens.</em></span> <span class='ocrx_word' id='word_1_376' title='bbox 856 4792 899 4808; x_wconf 51' lang='grc' dir='ltr'><em>α·</em></span> <span class='ocrx_word' id='word_1_377' title='bbox 908 4755 1033 4822; x_wconf 85' lang='lat' dir='ltr'><em>Similis</em></span> <span class='ocrx_word' id='word_1_378' title='bbox 1044 4759 1126 4843; x_wconf 87' lang='lat' dir='ltr'><em>npud</em></span> <span class='ocrx_word' id='word_1_379' title='bbox 1139 4758 1330 4825; x_wconf 89' lang='lat' dir='ltr'><em>Sallustium</em></span> <span class='ocrx_word' id='word_1_380' title='bbox 1340 4773 1464 4841; x_wconf 83' lang='lat' dir='ltr'><em>sempor</em></span> <span class='ocrx_word' id='word_1_381' title='bbox 1511 4756 1516 4761; x_wconf 84' lang='grc'><strong>’</strong></span> 
     </span>
    </p>
   </div>
   <div class='ocr_carea' id='block_1_3' title="bbox 0 0 1662 5526">
    <p class='ocr_par' dir='ltr' id='par_1_8' title="bbox 0 0 1662 5526">
     <span class='ocr_line' id='line_1_42' title="bbox 0 0 1662 5526; baseline 0 0"><span class='ocrx_word' id='word_1_382' title='bbox 0 0 1662 5526; x_wconf 95' lang='lat' dir='ltr'><em> </em></span> 
     </span>
    </p>
   </div>
  </div>
 </body>
</html>
