3314 5526
733 415 931 471 -773-

184 553 294 634 737777,
305 557 357 623 ubi
376 556 471 622 verba
485 556 519 621 in
535 555 596 622 tali
607 569 752 647 tempore
769 559 848 624 idem
864 561 972 624 valent
984 559 1069 645 quod
1082 557 1179 624 rebus
1193 580 1230 626 eo
1246 569 1393 647 tempore
1408 558 1458 624 ita

182 662 383 752 conparatis,
418 665 465 728 vel
481 685 544 751 pro
564 684 674 729 rernm
699 687 735 731 eo
758 677 901 753 tempore
924 663 1112 731 corrdieione
1131 667 1278 752 (Kritz.);
1299 669 1327 733 J.
1346 666 1403 746 78,
1421 668 1455 746 2,

183 767 252 834 alia
268 768 303 834 in
322 780 520 858 tempestate.
543 771 590 836 Cl.
609 792 647 835 ea
663 782 864 860 tempestate,
883 793 955 857 quae
970 773 1088 838 locutio
1104 773 1197 838 vicies
1218 774 1282 839 lere
1297 772 1454 852 occurrit;

182 874 245 942 boc
260 887 448 965 tempestate
467 879 549 962 (lug.
568 878 601 956 3,
621 879 668 962 7);
684 898 752 965 qna
772 889 959 966 tempestate
976 881 1018 963 (l.
1032 880 1087 958 79,
1102 869 1150 964 7).
1174 880 1331 946 Similiter
1345 880 1456 945 Livius

184 984 373 1049 locutionem
389 982 422 1047 in
437 981 499 1049 tali
512 994 656 1073 tempore
670 987 812 1050 intimat:
834 984 939 1052 inille
953 996 1140 1073 tempestate
1156 986 1225 1072 (tt,
1237 987 1292 1066 56,
1310 988 1342 1066 l,
1360 985 1453 1071 etc.).

182 1090 363 1156 Notandum
377 1101 428 1155 est
443 1090 538 1156 etiam
557 1093 585 1156 l.
603 1092 657 1166 66,
676 1092 708 1171 3,
726 1091 848 1181 quippe
864 1091 898 1157 in
913 1091 975 1158 tali
986 1091 1048 1158 die.

228 1198 262 1263 2⁰
277 1198 337 1263 Pro
359 1197 580 1283 praepositione
600 1196 689 1263 intra
704 1212 734 1263 et
752 1182 927 1264 3333333733
944 1200 1102 1264 ablativus
1121 1219 1193 1265 cum
1212 1198 1246 1264 in
1265 1210 1453 1285 usurpatur,

184 1304 199 1369 7
205 1326 254 1384 up.
273 1303 327 1383 28,
345 1304 378 1382 9,
399 1302 451 1368 ati
463 1303 497 1369 in
513 1301 627 1370 diebos
642 1304 805 1391 proximis
820 1303 928 1371 decem
951 1304 1049 1371 ltalia
1064 1303 1253 1371 decederent
1268 1306 1321 1391 (cl.
1339 1306 1455 1388 gallice

185 1409 267 1476 dans
285 1409 329 1476 les
352 1408 410 1475 etta
427 1410 558 1498 jonrs);
578 1412 607 1476 J.
624 1412 679 1489 96,
703 1414 733 1484 7,
753 1411 995 1477 sollertissimas
1014 1411 1163 1477 omniane
1186 1411 1220 1477 in
1242 1412 1361 1500 paneis
1374 1425 1454 1478 tem-

176 1516 362 1605 pestatibus
373 1517 485 1605 sactus
498 1528 559 1597 est;
583 1520 679 1603 paulo
692 1519 785 1583 aliter
798 1520 869 1605 lug.
887 1519 942 1598 38,
960 1520 1012 1595 70,
1028 1529 1190 1607 praeterea
1205 1518 1256 1584 ati
1274 1516 1388 1584 diebus
1402 1516 1455 1584 de-

184 1645 252 1689 cem
267 1623 427 1691 Numidia
442 1621 607 1690 decederet
626 1625 676 1710 (ll.
701 1625 817 1710 inira);
840 1627 879 1690 cl.
902 1629 971 1693 Ter.
994 1626 1093 1693 Andr.
1114 1648 1136 1702 1,
1161 1627 1191 1704 7,
1214 1628 1269 1705 77,
1286 1625 1320 1690 in
1341 1623 1456 1691 diebus

181 1730 299 1818 paucis
318 1729 476 1810 moritnr3
499 1733 594 1796 Haut.
618 1752 650 1811 3,
676 1732 731 1811 32,
748 1730 781 1798 777
801 1730 891 1797 brevi
911 1733 1030 1822 spatio,
1055 1715 1184 1812 sillia,
1206 1732 1235 1798 si
1244 1731 1337 1821 filices
1356 1743 1456 1798 natas

185 1849 265 1903 esset
279 1837 312 1902 in
330 1835 439 1903 decern
459 1836 634 1920 mensibus.

230 1944 353 2028 Saepius
373 1964 446 2008 vero
468 1945 650 2029 praepositio
668 1945 716 2010 bis
735 1945 1024 2011 constructionibus
1041 1946 1200 2012 omittitur
1221 1969 1228 2010 :
1248 1947 1319 2030 lug.
1343 1945 1397 2024 l3,
1419 1947 1452 2020 6,

178 2049 300 2138 parteis
314 2047 428 2116 diebus
447 2086 489 2098 -
508 2052 648 2116 Romam
672 2048 797 2138 lepatos
817 2050 929 2130 mittit,
950 2051 1024 2138 qais
1039 2051 1202 2140 praecipit,
1229 2052 1283 2118 ubi
1305 2053 1452 2118 nonnulli

185 2157 308 2223 codices
318 2155 435 2245 paucis
448 2155 561 2222 diebus
570 2168 660 2245 post,
678 2157 733 2223 alii
741 2169 816 2245 post
821 2178 858 2245 p.
872 2155 1078 2224 d.·exbibent.
1095 2160 1252 2225 Similiter
1262 2161 1332 2244 lug.
1350 2159 1403 2237 ll,
1419 2160 1452 2233 2,

185 2261 326 2352 Micipsa
337 2263 454 2351 parteis
466 2275 541 2352 post
559 2262 672 2330 diebos
690 2263 843 2343 moritur,
865 2266 984 2331 eaedem
1001 2266 1195 2331 variationes
1214 2275 1394 2339 occurrunt,
1415 2265 1456 2330 ad

185 2390 280 2455 quem
301 2373 402 2437 locum
418 2371 570 2450 Kritzius,
588 2372 777 2437 assentiente
800 2371 1048 2451 Bidstuebnero,
1072 2373 1139 2438 brec
1158 2373 1284 2438 disserit
1304 2395 1310 2437 :
1334 2374 1455 2452 «Quin

187 2491 356 2564 utrumque
371 2477 432 2543 dici
451 2478 548 2562 possit
561 2499 623 2544 uon
640 2489 687 2543 est
701 2478 853 2555 dubium3
870 2490 974 2545 tamen
988 2479 1162 2544 cavendum
1178 2490 1236 2556 est,
1254 2499 1294 2544 33
1312 2481 1385 2564 quis
1403 2499 1456 2543 so-

150 2630 154 2639 ·
187 2585 247 2651 lius
264 2584 392 2652 ablativi
414 2585 547 2651 nunidem
569 2586 631 2650 vim
651 2605 717 2650 esse
735 2584 844 2650 credat
859 2598 953 2672 atque
969 2587 1101 2652 alterius
1116 2587 1282 2671 scripturae
1302 2585 1456 2670 preposi-

185 2692 271 2758 ticue
284 2701 395 2757 auctae.
411 2692 490 2756 Num
509 2712 608 2776 quum
629 2703 707 2779 post
730 2692 952 2777 prepositioue
972 2705 1075 2758 certus
1092 2691 1454 2778 terminus'designetur‚

185 2819 248 2884 quo
263 2800 387 2884 expleto
403 2799 525 2884 aliquid
541 2799 659 2864 factum
674 2817 741 2863 esse
756 2798 884 2878 dicitur,
903 2799 934 2864 id
947 2819 1043 2885 secus
1062 2811 1108 2865 est
1132 2801 1270 2865 ablativo
1291 2799 1375 2865 nude
1399 2818 1457 2884 po·

186 2906 256 2971 sito.
275 2906 343 2985 Quo
357 2925 454 2989 quum
478 2905 604 2991 proprie
622 2905 772 2990 temporis
787 2916 939 2992 punctum
955 2907 1020 2972 sive
1035 2917 1229 2973 momentum
1245 2906 1454 2991 significetur,

188 3013 218 3077 in
233 3012 318 3097 qnod
337 3015 417 3077 lacta
438 3012 549 3097 317333
564 3033 613 3077 res
628 3012 752 3091 incidit,
775 3024 841 3078 tum
859 3012 982 3097 longior
995 3033 1122 3100 333333
1137 3014 1288 3097 temporis
1303 3013 1454 3090 ambitus,

186 3118 276 3183 intra
290 3138 387 3204 quem
403 3118 527 3203 aliquid
547 3117 594 3192 sit,
622 3118 681 3183 isto
704 3139 778 3185 casu
800 3120 1022 3205 comprehendi
1045 3129 1157 3204 potest,
1180 3120 1223 3184 ita
1244 3131 1278 3186 37
1299 3130 1456 3205 33337373

187 3236 291 3312 pateat
308 3225 365 3290 iste
382 3226 520 3290 ambitus
534 3224 654 3290 dictum
669 3225 797 3311 quidem
816 3228 872 3305 sit,
886 3226 939 3292 sed
954 3247 1015 3292 333
1032 3247 1156 3292 necesse
1171 3226 1212 3291 sit
1230 3247 1296 3292 rem
1311 3247 1347 3292 33
1361 3229 1457 3310 plane

185 3333 311 3416 expleto
327 3333 439 3397 lactum
455 3332 600 3418 cogitari.
624 3358 634 3390 ι
658 3333 705 3397 ct.
726 3334 797 3415 733.
818 3334 872 3406 35,
890 3335 923 3410 9,
941 3333 1009 3420 ipse
1023 3333 1142 3421 paneis
1160 3331 1273 3399 diebirs
1286 3334 1457 3422 profectas
1538 3402 1546 3417 ¹

186 3451 248 3517 est3
266 3439 320 3513 38,
340 3440 397 3517 70;
416 3439 471 3512 39,
488 3440 520 3512 l,
534 3437 652 3526 paneis
665 3436 779 3504 diebus
796 3439 829 3504 in
849 3439 1000 3527 Africam
1017 3439 1252 3528 proficiscitur3
1272 3442 1325 3520 776,
1343 3443 1380 3519 5;
1397 3443 1455 3515 bt,

186 3548 218 3624 5,
244 3543 385 3611 dimidia
400 3565 482 3633 pars
501 3545 661 3611 coercitus
679 3544 709 3610 si
720 3544 785 3611 sibi
793 3545 1050 3634 permitteretne,
1067 3546 1189 3635 paucis
1205 3544 1318 3616 diebos
1330 3551 1459 3635 777337-

186 3650 277 3716 tltam
294 3651 461 3716 incatenis
472 3649 684 3730 babituram
701 3653 755 3729 86,
774 3654 810 3729 t;
828 3654 903 3728 707,
921 3654 957 3732 7;
975 3655 1029 3731 tt,
1049 3655 1084 3732 l;
1101 3654 1155 3728 95,
1171 3656 1203 3727 5,
1219 3651 1328 3719 tridua
1342 3654 1457 3720 navim

184 3755 366 3823 ascendere.

229 3866 262 3930 3⁰
282 3865 313 3929 Si
332 3877 458 3952 tempas
475 3886 530 3950 pro
546 3877 768 3953 opportunam
789 3867 836 3930 vel
863 3864 1072 3932 eonrmodum
1096 3879 1223 3955 tempas
1243 3869 1378 3952 positum
1400 3869 1455 3948 sit,

187 3972 440 4056 praepositionem
456 3992 581 4056 semper
596 3973 726 4037 adbibet
744 3973 915 4038 Sallustius
928 3994 935 4037 :
948 3974 1019 4056 733.
1033 3975 1088 4053 56,
1105 3976 1138 4050 2,
1155 3974 1190 4039 in
1203 3986 1347 4062 tempore
1356 3987 1458 4041 semet

183 4098 258 4142 cnm
274 4077 418 4143 ecereita
433 4075 561 4165 adfore.
590 4079 641 4159 (Cl
653 4080 733 4144 llist.
751 4099 773 4156 t,
791 4080 849 4158 203
867 4100 909 4156 ir,
929 4080 982 4158 79,
1001 4081 1067 4163 78).
1090 4082 1197 4146 Livius
1214 4083 1306 4146 semel
1330 4092 1455 4148 tautum

184 4195 328 4271 tempore
346 4185 438 4262 dixit,
454 4185 565 4251 Cicero
581 4185 628 4248 bis
643 4194 698 4249 337
714 4186 809 4269 paulo
824 4187 951 4271 saepius.

72 4279 74 4284 ’
227 4292 261 4355 l⁰
276 4291 441 4356 Ablativus
462 4291 613 4376 temporis
629 4291 660 4355 in
679 4292 892 4358 locutionibus
910 4313 997 4381 pace
1018 4291 1177 4380 belloque,
1194 4315 1278 4381 praee
1296 4315 1335 4360 ae
1355 4293 1451 4375 73773,

184 4395 266 4462 bello
281 4408 312 4462 et
320 4416 418 4486 paee,
431 4398 539 4482 (etiam
560 4394 671 4483 bello),
689 4398 775 4483 apud
791 4398 1077 4479 biviumoccurrit;
1093 4401 1326 4486 cumadjectivo
1339 4403 1453 4488 selge-

182 4504 282 4569 uitivo
297 4505 488 4571 substantivi
505 4505 664 4589 praeposit.
684 4504 719 4569 in
737 4507 785 4570 vel
806 4507 965 4572 omittitur
981 4507 1029 4572 vel
1046 4507 1230 4585 adhiberem
1249 4509 1453 4597 Ciceropaee

182 4620 214 4673 37
230 4608 264 4674 in
275 4632 370 4699 paee,
389 4611 494 4676 rarius
513 4610 549 4674 in
573 4609 654 4676 bello
678 4611 788 4691 babet3
814 4612 1002 4677 Sallustium
1026 4624 1101 4678 lero
1125 4613 1274 4679 affirmari
1298 4626 1400 4701 potest
1420 4619 1452 4682 in

181 4717 264 4780 veris
280 4718 431 4814 ablativis
448 4718 599 4803 temporis
613 4718 871 4802 praepositionem
887 4739 958 4784 crim
979 4720 1108 4784 vocibus
1115 4741 1213 4806 pace,
1231 4719 1315 4786 bello
1331 4720 1450 4808 (bellis)
