3314 5526
729 369 903 425 ..gq-

179 516 276 583 verba
300 515 432 581 interae
456 534 511 598 per
534 514 675 600 synesin,
693 525 724 578 et
746 512 786 578 ad
806 532 921 578 nomen
944 513 1159 598 Hispanorum
1187 511 1272 596 quod
1287 509 1458 598 Hispania

179 623 372 699 continetur,
391 622 476 686 etad
498 640 588 685 voces
603 617 707 686 Maelii
728 628 760 684 el
777 616 930 684 Armenii
943 619 1136 695 referuntur,
1154 637 1225 703 quae
1243 617 1304 682 tria
1325 616 1459 682 nomina

96 724 98 731 ’
181 731 267 796 verbi
280 727 492 794 instituerant
505 727 626 812 sujecta
637 737 721 792 sunt.
734 762 779 774 -
789 725 857 791 Cat.
876 727 929 805 51,
948 726 1001 802 tr,
1008 724 1164 813 proserta
1179 723 1284 788 virtus
1294 719 1459 810 atqueca-

174 834 307 928 pientia
330 830 442 921 major
463 832 499 898 in
524 831 591 898 illis
612 831 694 921 suit,
721 830 782 919 qui
796 852 837 896 er
853 831 972 920 parcis
991 830 1107 920 apibus
1133 842 1263 896 tantum
1286 830 1461 916 imperium

178 943 297 1032 secere,
319 961 420 1028 quum
441 939 474 1005 in
495 937 600 1018 nabis,
618 939 688 1026 ,qui
705 959 743 1004 ea
759 937 837 1005 beree
858 951 949 1024 parta
967 937 1024 1003 oia
1037 937 1226 1017 retinemus,
1245 937 1283 1003 de
1298 957 1361 1023 quo
1375 950 1461 1003 recte

181 1049 322 1117 Kritzius
339 1070 346 1112 :
368 1074 380 1105 ι
400 1049 471 1112 Haec
487 1066 581 1111 sensu
599 1057 735 1124 tantum,
751 1065 813 1111 non
829 1047 1035 1131 grammatica
1050 1045 1172 1125 ratione
1187 1043 1227 1111 ad
1243 1054 1462 1130 antegressum

181 1175 289 1222 vocem
305 1153 484 1243 imperium
500 1153 701 1231 referuntur3
719 1174 790 1239 que
802 1153 885 1217 enim
907 1162 999 1218 antea
1016 1152 1047 1216 in
1062 1172 1163 1216 uniam
1178 1154 1359 1238 complexus
1376 1164 1459 1228 erat,

183 1285 220 1330 ea
246 1282 330 1328 nune
350 1262 383 1326 in
409 1282 482 1326 suas
503 1271 608 1344 partes
621 1260 780 1346 disjuncta
800 1260 926 1345 cogitat,
947 1260 1032 1345 quod
1052 1271 1133 1323 recte
1148 1259 1272 1323 monuit
1286 1259 1462 1324 Ramshor-

161 1406 163 1410 Α
184 1371 269 1445 nius,
286 1368 428 1434 Gramm.
451 1368 504 1432 lat.
528 1367 636 1451 ξὶὅθ,
659 1367 692 1445 2,
710 1386 738 1444 e,
756 1386 787 1452 p.
807 1366 883 1432 357.
910 1366 1060 1440 i-Cat.
1081 1365 1133 1441 ta,
1152 1367 1185 1441 ⁶2,
1198 1363 1256 1429 sed
1268 1375 1367 1429 antea
1382 1363 1462 1429 item

184 1476 390 1562 conjuravere
409 1475 502 1558 pauci
527 1485 641 1538 rantra
662 1471 913 1560 rempublicam,
940 1470 1113 1558 inquibus
1139 1470 1287 1538 Catilina
1308 1470 1388 1558 suit.
1419 1473 1464 1537 De

184 1604 248 1669 qna
273 1602 375 1669 quam
397 1579 574 1645 verissume
589 1590 705 1668 potere
726 1577 847 1655 diram,
866 1580 918 1645 ubi
936 1576 975 1644 ele
987 1599 1054 1665 qua
1069 1579 1227 1663 scriptura
1248 1579 1462 1663 plurimorum

184 1690 329 1764 codicum
350 1708 385 1753 ac
408 1686 782 1773 Diomedis'grammatici
799 1708 830 1772 p.
847 1687 922 1776 ltu,
940 1687 990 1752 ed.
1006 1686 1120 1752 Putseh
1137 1685 1317 1751 testimonio
1333 1685 1460 1751 nititur.

186 1799 274 1863 Dura
289 1794 418 1880 quidem
432 1814 468 1859 ac
483 1794 574 1860 nullo
591 1794 667 1871 alio,
685 1806 720 1858 nt
732 1793 870 1872 videtur,
885 1787 1029 1878 exemplo
1045 1793 1178 1878 probata
1192 1802 1370 1870 structura3
1386 1811 1462 1856 narn

187 1904 220 1968 in
230 1904 301 1988 lug.
316 1899 862 1988 56,5,seraitia-rujus,pluralis
872 1899 911 1965 ad
924 1900 1119 1986 singularem
1130 1919 1300 1965 numerum
1311 1901 1464 1964 transitus

188 2010 347 2075 incudem
364 2009 520 2073 vocabulo
533 2007 585 2087 iit;
608 2008 658 2072 hio
677 2028 751 2073 vero
767 2004 888 2094 alequa
907 2026 977 2072 cum
995 2007 1124 2072 vocibus
1139 2004 1368 2094 conjuratione
1379 2027 1465 2092 pau·

188 2137 302 2182 rarrrm
327 2115 484 2200 congruit,
509 2135 580 2200 quae
609 2114 641 2178 in
666 2114 771 2179 verbis
796 2112 904 2202 pauci
926 2112 1142 2200 eorrjurauere
1167 2114 1277 2190 latent,
1310 2114 1353 2176 ita
1375 2122 1411 2176 ut
1435 2124 1466 2176 et

189 2223 327 2309 pluralis
343 2223 376 2286 in
397 2215 600 2307 singularem
615 2232 759 2286 mutetur
771 2234 802 2286 et
817 2240 873 2306 pro
893 2221 987 2285 verbo
1003 2219 1238 2294 substantivum
1259 2218 1400 2306 ejusdem
1416 2239 1469 2304 ge-

189 2330 275 2395 neris
295 2350 360 2418 per
383 2327 515 2417 synesin
534 2328 697 2414 cogitetur.
722 2329 813 2392 Falso
839 2327 979 2392 Kritzius
1004 2328 1296 2412 masculinomqua
1325 2326 1468 2410 praeiere,

189 2437 302 2503 Mureti
315 2436 499 2521 opinionem
516 2435 660 2500 refellere
671 2442 816 2513 conatus,
832 2446 862 2499 et
878 2433 1041 2519 illudque
1057 2453 1093 2498 ex
1109 2431 1267 2498 scribendi
1281 2432 1471 2517 compendio
1536 2500 1539 2508 ,

190 2545 274 2609 male
302 2543 463 2608 intellecto
483 2553 587 2607 ortum
611 2561 677 2608 esse
693 2541 869 2606 affirmans.
888 2541 1000 2605 Nostro
1024 2540 1166 2624 exemplo
1186 2540 1386 2604 simillimum
1402 2558 1472 2604 esse

191 2650 319 2716 videtur
337 2649 418 2714 illud
434 2648 595 2714 Ciceronis
615 2647 667 2731 (ed
684 2634 843 2725 tamilan,
861 2646 893 2723 3,
912 2647 998 2730 init.)
1017 2668 1024 2711 :
1041 2643 1207 2733 Equidem
1224 2642 1307 2732 quid
1317 2645 1469 2724 sentiam,

193 2768 254 2822 aut
275 2753 418 2821 scribam
436 2752 483 2819 ael
496 2766 525 2820 te
541 2752 696 2843 pluribus
711 2765 837 2842 pastea,
855 2764 926 2832 aut,
945 2774 985 2817 ue
999 2750 1046 2818 ael
1058 2754 1128 2818 eam
1148 2750 1306 2818 meditere
1322 2751 1470 2840 impara-

194 2876 263 2929 tum
281 2874 310 2926 te
332 2858 512 2950 offendam,
539 2861 592 2926 ubi
614 2881 687 2925 eam
713 2861 914 2926 referendum
931 2872 976 2925 est
993 2861 1030 2925 ad
1047 2880 1154 2926 vocem
1168 2858 1376 2936 sententiam,
1399 2880 1474 2944 quae

197 2971 228 3035 in
250 2968 346 3034 verbo
364 2966 504 3032 sentiam
520 2969 613 3047 latet3
631 2968 779 3032 nonnulli
796 2987 882 3047 vero,
899 2969 1071 3052 interquos
1083 2967 1234 3044 Kritzius,
1247 2967 1301 3031 ¹hio
1316 2987 1355 3030 ea
1369 2967 1474 3052 legere

194 3074 381 3139 maluerunt
391 3072 541 3158 ¹.—lng.
555 3067 608 3149 t'3,
622 3071 1057 3159 (i,qnisprarcipit,priutrlnr
1069 3071 1119 3136 nti
1128 3083 1248 3136 veteres
1262 3070 1386 3135 amicos
1397 3075 1472 3136 mar·

196 3177 501 3266 neribusrapleant,
512 3176 736 3244 deinde‘navos
747 3181 935 3266 acquirant,
943 3191 1334 3267 prostremaquaecumque
1338 3177 1476 3268 possint

195 3284 373 3375 larqiunrla
389 3307 514 3375 parare
527 3308 568 3351 ne
587 3297 793 3361 annectentur,
812 3287 864 3351 nbi
881 3298 988 3359 utrum
1004 3305 1218 3372 utracumque
1236 3305 1291 3370 pro
1308 3305 1473 3370 quaecum-

195 3415 258 3482 que
272 3390 456 3473 eornmarla,
473 3413 513 3457 an
530 3413 584 3477 pro
600 3394 895 3484 quemcumquerel
913 3390 1316 3478 quoscumquellraminrs)
1335 3392 1474 3476 positum
1523 3398 1528 3405 '

196 3503 236 3566 sit
252 3501 436 3586 ambigitur.
454 3501 568 3584 —Jug.
589 3501 665 3575 tou,
684 3500 716 3577 l,
733 3497 864 3587 uiqilias
880 3498 1143 3589 insereremur,
1158 3518 1224 3562 non
1236 3510 1304 3562 tam
1316 3495 1476 3587 diffiden-

197 3607 244 3671 tia
260 3607 359 3672 futuri
380 3627 452 3693 quae
470 3605 699 3691 imperavisset,
715 3627 816 3693 quarn
832 3606 882 3670 uli
896 3604 1056 3671 militibus
1075 3617 1266 3693 exaequatus
1277 3628 1352 3671 cerm
1369 3605 1474 3692 inape-

196 3724 306 3778 ratare
326 3710 420 3778 labor
433 3712 614 3779 valentibus
628 3724 718 3791 esset,
737 3699 789 3779 ubi
803 3713 924 3800 futura
939 3714 1006 3779 sine
1021 3714 1204 3778 necessitate
1220 3714 1350 3798 corrigit
1364 3713 1474 3778 Diets-

197 3822 300 3898 chius,
318 3821 485 3905 obqrohio,
504 3832 538 3886 ut
558 3822 614 3900 ait,
634 3841 708 3886 usus
729 3841 765 3885 ex
782 3820 971 3906 antiquitate
988 3821 1110 3904 repetiti
1129 3820 1320 3885 Sallustium
1338 3819 1475 3884 liberare

198 3928 340 4013 cupiens.
367 3928 429 3992 Nec
450 3927 611 3993 videorne
628 3927 798 4009 iordanes,
820 3946 914 4011 quem
936 3927 1081 4011 sequitur
1100 3928 1289 4001 Bruonnert,
1314 3926 1474 4013 sutanum

200 4034 427 4121 proscriptura
451 4035 542 4120 longe
564 4035 773 4119 plurimorum
789 4033 1044 4118 optimorumque
1071 4033 1213 4100 codicum
1237 4031 1349 4116 serttrri
1375 4034 1476 4116 serip-

200 4142 288 4218 serit,
303 4161 373 4206 cum
394 4140 589 4206 infinitivum
605 4141 703 4206 laturi
721 4140 813 4206 activi
830 4140 977 4206 omnibus
1004 4140 1144 4205 nunteris
1168 4140 1386 4223 acgeneribus
1406 4139 1476 4203 sine

132 4274 137 4282 ·
200 4248 384 4314 discrimine
407 4249 445 4313 ab
466 4248 608 4334 antiquis
633 4260 727 4333 atque
751 4249 847 4312 etiam
873 4269 890 4311 a
915 4248 1065 4313 Cicerone
1096 4244 1474 4330 adhibitumcontendat,

201 4355 376 4440 multisque
401 4355 555 4440 exemplis
575 4356 757 4441 comprobet
780 4354 904 4420 Gellius
931 4354 968 4435 (l,
993 4358 1061 4438 vn),
1090 4374 1146 4419 ner
1165 4353 1348 4419 mirandum
1376 4353 1429 4418 sit.
1449 4352 1473 4415 si
1527 4363 1530 4369 '

201 4461 253 4526 hic
268 4462 406 4548 genitivo
418 4463 516 4549 posita
533 4462 629 4528 fuerit
644 4483 701 4527 vox
715 4452 830 4550 surturi
845 4474 971 4546 propter
985 4481 1055 4527 com
1073 4461 1270 4526 substantivo
1288 4457 1476 4547 diffidentia

233 4631 255 4677 t.
275 4627 347 4687 Haec,
372 4641 430 4690 quae
452 4625 482 4676 ad
494 4627 638 4690 exemplum
654 4627 709 4674 Cat.
731 4628 769 4685 18,
788 4628 802 4674 2
823 4625 978 4678 reseruntur,
996 4625 1048 4673 lere
1063 4625 1096 4673 ad
1110 4624 1214 4672 verbum
1226 4638 1256 4672 ex
1271 4623 1475 4679 BadstuottnerO,

203 4722 227 4770 p.
239 4710 277 4769 tt,
290 4706 432 4756 hausimus.
