3314 5526
736 400 914 460 ..80-

810 628 847 694 V.

626 802 804 858 Construclio
821 802 986 859 adsensum
1001 805 1021 857 ¹.

236 990 268 1055 1ο
286 969 484 1055 constructio
497 1006 563 1075 per
580 983 710 1074 synesin
729 986 778 1051 rel
794 981 841 1050 od
856 1005 986 1051 sensnm
999 983 1085 1051 dicta
1100 984 1186 1051 haud
1202 985 1380 1070 raro'apud
1396 987 1467 1053 Sal-

192 1097 322 1163 lustium
355 1093 528 1170 invenitur,
565 1112 629 1179 qua
663 1091 882 1178 praedicatum,
927 1104 982 1157 aut
1024 1111 1198 1177 pronomen
1238 1091 1467 1160 demonstrati-

190 1222 264 1270 vum
292 1203 341 1269 vel
367 1200 550 1278 relativum,
580 1199 619 1265 ad
645 1199 879 1265 substantivum
916 1199 1074 1285 singulari
1113 1218 1247 1264 numero
1276 1199 1363 1284 quod
1401 1200 1467 1266 vim

190 1307 385 1377 collectivam
406 1306 521 1373 hubent
549 1307 697 1384 relatum,
720 1305 838 1390 plurali
862 1313 963 1391 potest
982 1305 1138 1370 adhiberi.
1161 1306 1271 1384 Cicero
1299 1326 1467 1390 nunquam

191 1417 255 1483 lara
274 1436 311 1481 ea
328 1435 402 1481 usus
417 1422 479 1492 est3
500 1414 541 1478 cl.
559 1422 664 1478 tamen
680 1413 718 1478 de
738 1411 856 1478 finibus
871 1413 903 1488 3,
919 1412 974 1488 11,
1000 1411 1149 1477 amicitia
1164 1423 1212 1477 est
1225 1433 1265 1476 eoa
1280 1434 1317 1476 ea
1330 1432 1464 1501 qertere.

190 1530 425 1611 conpensant.
443 1521 548 1587 Minus
565 1519 771 1586 raroCaesar:
785 1519 823 1584 de
836 1520 919 1614 bello
936 1521 1012 1604 gall.
1032 1520 1064 1598 1,
1084 1520 1136 1597 15,
1149 1517 1235 1584 idem
1248 1517 1335 1607 saell
1352 1521 1467 1586 Caesar

191 1629 431 1717 equitatumque
456 1646 598 1705 ornnem,
628 1646 725 1713 quem
753 1647 794 1690 eo·
822 1625 914 1692 omni
930 1625 1106 1714 provincia
1133 1638 1282 1690 coactam
1306 1624 1465 1707 habebat,

183 1732 369 1827 praernt'ttt't,
391 1733 451 1821 qni
468 1733 596 1798 videant
620 1754 704 1820 qnos
729 1731 762 1797 in
783 1743 896 1821 partes
915 1731 1020 1798 nastes
1036 1732 1098 1797 iter
1121 1731 1266 1816 saciant3
1286 1734 1319 1806 1,
1337 1739 1371 1809 6,
1387 1752 1462 1799 erem

192 1853 284 1909 tanta
307 1836 486 1906 multitudo
516 1836 643 1928 lapides
661 1860 700 1904 aa
720 1837 785 1903 tela
810 1828 1024 1927 conjicerent;
1054 1851 1113 1904 etc.
1138 1839 1247 1904 Livius
1273 1851 1379 1906 autern
1403 1841 1466 1905 lre-

189 1946 396 2037 quentissime
417 1947 573 2032 pluralem
592 1965 655 2034 per
682 1945 824 2034 synesius
845 1945 986 2022 adhibet,
1011 1946 1187 2030 praesertim
1210 1965 1283 2011 cum
1310 1946 1466 2012 vocabulo

194 2064 360 2121 «sanatas
379 2080 410 2118 ι.
442 2053 502 2136 (Gi.
527 2052 742 2139 Drakenborg,
767 2053 806 2118 ad
822 2053 890 2118 Liv.
918 2055 950 2130 1,
977 2053 1085 2132 58,1,
1115 2062 1190 2130 etc,
1212 2054 1372 2133 Kuhnast,
1395 2054 1418 2119 l.
1443 2055 1464 2119 l.

191 2183 222 2248 p.
240 2161 295 2239 80,
313 2179 398 2246 sam,
412 2158 575 2235 Fabrlum,
589 2159 627 2223 ad
641 2160 696 2238 11,
713 2160 766 2236 11,
785 2160 822 2238 3;
836 2151 892 2237 11,
907 2160 961 2237 10,
976 2160 1008 2236 8,
1022 2159 1110 2244 etc).
1131 2158 1230 2225 Taciti
1245 2179 1374 2247 quoquc
1389 2162 1467 2226 satis

190 2269 290 2335 multo
305 2276 426 2333 exstant
442 2268 598 2351 exempla.
614 2267 760 2332 Sallustii
781 2287 855 2331 varo
869 2269 1016 2352 exempla
1031 2266 1098 2332 haec
1114 2267 1179 2332 lere
1194 2279 1267 2332 suut
1285 2289 1292 2330 z

232 2376 396 2440 lascarus
417 2372 542 2439 -,Cat.
562 2373 615 2451 16,
635 2374 665 2451 1,
679 2371 984 2460 sedjuventntem...
1007 2371 1120 2438 multis
1138 2371 1245 2454 enodis
1262 2371 1355 2439 mala
1372 2372 1463 2461 saci·

188 2501 271 2549 nare
290 2478 525 2546 enucleatae
550 2480 616 2544 illis
640 2464 992 2567 testls'siynatonesqae
1014 2477 1120 2567 salsos
1140 2477 1362 2545 commodare.
1389 2482 1462 2566 lug.

190 2589 243 2667 15,
262 2589 293 2667 1,
314 2584 517 2674 lnantlzarn
544 2584 587 2651 ab
605 2598 721 2651 sertata
736 2598 860 2675 petere,
882 2607 973 2651 nese
992 2584 1097 2651 alicam
1123 2596 1284 2674 putarent
1316 2585 1369 2670 (cl.
1391 2588 1462 2654 Cat.

193 2695 308 2775 nter
323 2693 378 2770 37,
401 2693 432 2770 7,
452 2693 559 2777 inira).
706 2770 709 2775 ae

233 2801 382 2865 Scaurus.
406 2837 451 2850 -
464 2801 534 2885 lug.
559 2800 613 2876 18,
640 2801 674 2877 1,
691 2810 819 2865 senatus
847 2821 868 2864 a
899 2799 1009 2865 Bestia
1029 2799 1195 2865 aottsnltas
1214 2811 1262 2865 est
1275 2798 1464 2888 placeretne

189 2907 313 2995 leqatos
331 2905 504 2994 lnantlare
520 2905 625 2996 neceni
641 2905 816 2986 nsoent'bns,
839 2907 866 2972 ei
881 2927 944 2994 qne
958 2904 1137 2972 deerevere.

230 3017 322 3081 Plus.
344 3049 389 3061 -
411 3014 503 3095 (Vide
513 3015 624 3099 quaein
640 3033 708 3098 cap.
724 3014 761 3079 de
773 3014 1249 3099 Appositionedisseruimus‚de
1264 3015 1323 3081 lroc
1337 3016 1464 3100 verbo.)

229 3125 357 3189 Pressas.
374 3156 418 3170 —
432 3122 503 3206 lug.
531 3121 585 3199 73,
603 3122 635 3199 3,
661 3131 693 3184 et
715 3123 827 3187 Romae
847 3121 955 3205 plebes
981 3119 1108 3196 litteris,
1126 3141 1198 3205 qun
1212 3118 1252 3186 de
1272 3120 1405 3188 Metello
1420 3144 1460 3189 ac

186 3227 295 3296 Mario
313 3227 419 3293 misse
439 3238 544 3303 erant,
572 3227 722 3315 canaitis,
744 3226 867 3292 colenti
890 3226 1001 3292 animo
1017 3225 1056 3292 de
1073 3226 1232 3299 ambobus
1251 3241 1461 3313 acceperant3

185 3338 264 3403 Hist.
282 3356 329 3412 nr,
346 3335 402 3410 81,
423 3336 477 3412 18,
498 3336 622 3411 Habea,
637 3332 866 3422 quodcumqae
884 3333 1013 3411 accidit,
1027 3356 1090 3422 pro
1107 3336 1196 3400 victis
1213 3347 1271 3401 est.

228 3444 369 3507 Fanum.
391 3443 519 3527 -lug.
549 3444 602 3517 11,
624 3443 657 3519 5,
676 3440 815 3529 [aneilla
835 3454 949 3506 nostra
969 3462 1043 3505 enm
1058 3440 1187 3529 pnjsrtla
1205 3444 1358 3536 Romano
1379 3442 1463 3510 bello

186 3546 451 3635 Carthaqlne'ensi
459 3547 642 3613 amicitiam
654 3547 808 3627 institnit,
822 3567 887 3634 qno
904 3559 1048 3636 tempore
1060 3547 1167 3637 maqls
1177 3546 1260 3637 fides
1272 3547 1344 3636 ejns
1359 3570 1464 3637 qnam

181 3656 322 3745 [ortana
330 3653 484 3742 patranda
500 3665 582 3720 erat.
600 3655 743 3734 Quorum
754 3654 991 3743 prayerrlem...

227 3762 399 3827 Numanus.
416 3798 461 3810 -
477 3764 547 3848 lug.
570 3762 623 3839 13,
640 3762 673 3839 8,
690 3771 783 3827 tanta
802 3760 1016 3827 commutatio
1031 3760 1170 3840 incessit,
1193 3772 1230 3827 nt
1248 3784 1287 3828 ea
1306 3762 1462 3832 maxima

184 3864 310 3935 inuidia
325 3865 523 3956 c'nfflatlam
539 3879 572 3933 et
591 3868 743 3955 fauorem
768 3870 947 3934 nobilitatis
962 3868 1129 3957 lnynrtlra
1152 3869 1288 3934 veniret.
1316 3871 1464 3950 Quorum

179 3995 322 4065 pars...;
340 3974 470 4062 cf.·lug.
494 3977 547 4054 ll,
563 3977 596 4053 5,
616 3977 671 4041 ubi
691 3988 794 4041 tamen
810 3975 942 4042 verbum
959 3976 1050 4042 initio
1070 3977 1300 4043 enuntiationis
1321 3977 1463 4063 positum

183 4083 223 4148 ad
243 4081 306 4147 duo
321 4082 520 4148 substantiva
539 4108 550 4142 r
569 4081 735 4163 nobilitas,
753 4081 900 4172 popalus
924 4085 1065 4149 »relerri
1088 4094 1200 4168 potest.

227 4189 426 4254 Consuunrm.
448 4226 492 4238 —
511 4190 579 4257 Cat.
599 4189 652 4266 17,
673 4190 704 4269 7,
724 4187 828 4255 simnl
843 4189 1014 4278 confisum,
1035 4188 1065 4255 si
1086 4189 1264 4276 conjuratio
1287 4188 1459 4271 vallasset,

179 4293 283 4384 facile
301 4293 396 4383 apocal
413 4296 485 4362 illos
501 4295 685 4385 principem
699 4317 733 4362 se
749 4296 836 4383 sore.
1074 4307 1078 4313 '

226 4403 293 4468 Vas.
320 4438 364 4452 -
382 4403 462 4468 Hist.
494 4425 517 4479 1,
537 4404 663 4483 15,11,
694 4402 858 4470 scelernm
883 4403 915 4469 e't
935 4402 1149 4491 Latinaeque
1165 4402 1214 4469 cis
1241 4402 1372 4469 civitate
1394 4426 1461 4492 pro

181 4507 294 4573 multis
304 4519 335 4574 et
349 4509 486 4598 eqreqe‘ls
495 4509 596 4598 saetis
616 4532 637 4575 α
652 4508 740 4575 vobis
756 4508 836 4576 data
853 4532 920 4600 per
934 4532 1038 4576 annm
1059 4512 1279 4596 prohibentur,
1306 4509 1465 4598 etplebei

181 4611 326 4681 innomine
337 4616 469 4705 patrias
483 4614 572 4683 sedes
586 4637 788 4706 occupavere
795 4616 905 4706 panai
912 4615 1079 4697 satellites,
1091 4614 1271 4684 mercedem
1282 4616 1459 4686 scelernm.

214 4750 236 4794 l.
255 4746 294 4795 Cf.
310 4747 498 4804 Barlsluebner,
512 4764 537 4811 p.
552 4751 608 4798 7-111
623 4758 648 4797 et
660 4749 800 4809 Auschlltz‚
817 4766 841 4813 p.
861 4752 928 4799 11-1.
