3314 5526
725 513 765 523 --
792 480 853 540 tte
879 512 919 523 —

233 627 288 693 11ο
312 622 545 715 Imperfectum
560 621 763 714 conjunctivi
773 628 876 714 ipsum
888 645 942 711 per
957 645 989 692 se
1005 626 1165 693 notionem
1186 625 1285 694 loturi
1301 622 1458 713 significat

186 735 256 820 Jug.
281 735 337 811 30,
359 737 390 811 1,
402 745 515 823 patres
537 731 672 799 solliciti
684 745 790 798 erant.
819 730 1001 798 Probarcnt
1014 754 1055 797 ne
1074 742 1204 798 tontum
1222 716 1391 820 liapitium
1412 752 1457 797 an

187 840 351 907 decretum
366 839 507 917 consulis
520 839 746 906 subverterent
753 861 877 929 parum
892 837 1074 916 constabat,
1091 840 1145 906 ubi
1156 829 1455 928 csscntprobaturi‚

185 945 379 1039 sccicrorsari
391 958 619 1033 expectaretur.
643 945 799 1014 Similiter
815 947 1161 1033 plusquamperfectum
1189 947 1260 1030 Jug.
1279 944 1334 1022 79,
1352 946 1383 1025 l,
1393 966 1459 1035 per

187 1052 333 1120 indutias
347 1052 553 1142 sponsionem
571 1053 714 1140 saciant,
736 1052 787 1119 uti
804 1065 890 1119 certo
909 1050 962 1119 tte
984 1051 1087 1147 lopati
1100 1050 1197 1118 domo
1210 1050 1459 1142 proficisceren-

187 1174 242 1226 tur
259 1184 267 1226 :
282 1182 348 1249 quo
364 1160 398 1226 in
414 1159 483 1226 toea
498 1159 583 1226 inter
596 1182 630 1226 se
649 1158 738 1226 obuii
746 1159 897 1248 fuissent,
917 1159 944 1225 is
959 1158 1142 1225 communis
1157 1158 1329 1246 nemusque
1338 1156 1448 1247 popul
1453 1156 1460 1170 ’

183 1264 262 1357 finis
280 1264 474 1349 noluetum
496 1268 548 1353 (cl.
567 1268 595 1333 J.
614 1268 669 1345 98,
691 1268 737 1352 l).

232 1375 288 1441 12ο
311 1375 392 1442 Usus
412 1375 586 1440 formarum
596 1373 664 1463 fui,
677 1374 825 1461 trimam,
845 1392 900 1459 pro
914 1394 1001 1454 serm,
1023 1393 1127 1452 crum,
1142 1370 1389 1463 iupassivorum
1407 1372 1457 1437 vel

186 1480 415 1567 deponentium
439 1482 607 1547 verborum
631 1480 775 1566 perlectis
808 1489 838 1545 et
877 1481 1046 1566 plusquam
1072 1478 1305 1565 perlectisapud
1333 1476 1457 1545 Livium

189 1588 326 1672 primum
346 1587 545 1675 frequentior
571 1587 668 1653 luisse
691 1585 828 1652 videtur.
854 1586 999 1665 Quatuor
1030 1585 1135 1652 Plauti
1173 1587 1318 1672 exempla
1348 1583 1459 1651 laudat

186 1695 378 1781 Draegerus,
400 1693 529 1760 tolidem
554 1695 727 1771 Ciceronis,
750 1692 877 1759 nullum
903 1691 1001 1780 (quod
1027 1693 1156 1780 quidem
1173 1702 1291 1758 certum
1314 1692 1368 1776 sit)
1390 1693 1459 1758 Cae·

186 1800 280 1867 saris.
296 1800 389 1886 Apud
409 1800 599 1867 Sallustium
613 1819 687 1867 vero
701 1800 766 1866 haec
780 1802 925 1886 exempla
940 1800 1049 1866 forma
1065 1799 1200 1887 sueram
1223 1819 1278 1885 pro
1293 1820 1384 1864 cram
1403 1819 1459 1883 po-

188 1909 255 1973 sita
274 1907 452 1973 invenimus
480 1929 487 1972 :
509 1906 580 1993 Jug.
609 1908 664 1986 52,
683 1906 715 1984 3,
737 1903 875 1972 aduorso
890 1904 982 1983 colle,
1000 1903 1097 1971 sicuti
1111 1917 1313 1995 pracceptum
1328 1905 1456 1993 scierat,

187 2011 350 2094 eoadcmt3
364 2014 419 2094 93,
438 2015 470 2094 1,
487 2013 690 2080 omitteretne
704 2012 882 2102 inceptum,
900 2012 1058 2101 quoniam
1081 2012 1211 2101 [nana
1229 2023 1312 2091 erat,
1329 2033 1372 2076 an
1389 2013 1458 2100 lor·

188 2132 304 2186 tunam
319 2119 538 2210 opperiretur,
559 2141 627 2208 qua
639 2141 723 2209 scope
733 2141 894 2209 prospere
906 2141 984 2185 aeres
995 2119 1127 2207 sacrat3
1148 2120 1222 2197 109,
1246 2120 1277 2198 3,
1298 2129 1371 2184 tum
1385 2140 1456 2196 rea,

188 2226 241 2292 uti
250 2239 453 2317 preceptum
465 2226 591 2315 sacrat,
606 2237 682 2315 post
695 2223 782 2292 diem
804 2223 979 2292 decumum
992 2223 1101 2291 redire
1115 2224 1228 2314 jubct3
1252 2235 1284 2290 at
1301 2226 1372 2311 Jug.
1401 2227 1456 2300 50,

190 2335 220 2411 1,
238 2333 318 2421 quia
334 2331 488 2400 Numida
497 2331 630 2422 pabulo
650 2332 778 2421 pecoris
797 2331 903 2418 mapis
918 2353 1021 2419 quam
1042 2353 1122 2397 orco
1142 2330 1284 2408 student,
1311 2343 1342 2396 et
1359 2329 1458 2419 quod·

187 2461 327 2528 campere
340 2451 457 2506 natum
469 2440 585 2527 fuerat
597 2439 697 2527 jussu
712 2438 798 2527 repis
813 2439 848 2504 in
863 2438 935 2504 loca
950 2437 1080 2504 munita
1094 2437 1312 2518 contulerant,
1330 2450 1459 2524 propter

188 2549 535 2633 plusquamperfectum
565 2545 783 2627 contulerant,
805 2567 929 2625 necesse
948 2547 1010 2614 luit
1030 2546 1158 2634 suerat,
1183 2567 1246 2612 nou
1270 2557 1342 2612 erat
1368 2547 1456 2631 poni„

189 2665 223 2721 ut
246 2655 479 2740 significaretur
506 2655 661 2740 pabulum
678 2653 745 2741 jam
769 2663 880 2721 natum
900 2649 1158 2740 esse'antequam
1184 2654 1215 2719 in
1247 2654 1315 2719 loca
1334 2654 1459 2719 munita

188 2762 395 2829 conferretur.
412 2762 534 2828 Forma
553 2782 626 2828 vero
638 2759 696 2850 sui
709 2782 767 2848 pro
780 2756 991 2848 serapoeum,
1007 2781 1078 2848 qua
1093 2760 1222 2848 quidem
1238 2760 1339 2826 multo
1354 2760 1458 2847 rarior

188 2877 247 2947 est,
266 2888 301 2934 ee
317 2867 378 2934 nisi
405 2869 447 2934 in·
459 2867 566 2935 dubiis
588 2868 741 2955 exemplis
754 2879 814 2934 vam
830 2868 915 2955 apud
940 2880 1082 2934 auctores
1103 2869 1193 2954 longe
1208 2867 1395 2955 posteriores
1413 2868 1457 2932 le-

188 2975 287 3060 gitur,
302 2976 429 3040 nullum
453 2985 499 3040 est
513 2976 705 3061 exemplum.

234 3082 290 3148 ¹3⁰
312 3083 372 3147 Pro
396 3082 504 3149 futuro
515 3102 659 3170 praescus
672 3079 845 3148 indicativi
863 3092 1052 3168 usurpatum
1067 3083 1203 3148 occurrit
1221 3082 1289 3148 Cat.
1306 3082 1360 3156 58,
1377 3081 1410 3159 9,
1431 3079 1461 3147 si

187 3184 360 3267 vincimus,
382 3186 495 3252 omitia
517 3185 612 3254 nobis
635 3198 706 3253 tuto
722 3197 817 3253 crunt
829 3211 838 3267 3
859 3187 910 3252 sin
932 3198 1021 3253 meta
1037 3186 1245 3265 cesserimus,
1273 3186 1384 3253 cadem
1400 3185 1440 3253 ill

188 3291 431 3383 adaersafient;
445 3304 475 3360 et
485 3295 564 3360 Hist.
579 3317 627 3373 ιιι,
647 3296 677 3375 1,
698 3287 750 3370 10,
760 3293 820 3381 qui
831 3293 898 3360 nisi
909 3290 1099 3374 subvenitis,
1110 3293 1212 3359 incito
1225 3292 1459 3384 etpraediccntc
1551 3298 1555 3305 '

83 3462 88 3470 .
188 3422 252 3481 me,
273 3401 433 3467 coercitus
446 3400 523 3467 ltine
538 3411 570 3467 et
587 3423 662 3467 cam
678 3423 713 3467 eo
730 3423 826 3467 omne
841 3398 961 3467 bellum
978 3399 1148 3490 Hispania
1163 3400 1195 3466 in
1207 3400 1341 3467 Italiam
1357 3411 1459 3466 trans·

187 3504 393 3596 predicatum
414 3510 453 3575 cl.
473 3509 538 3575 Cic.
554 3510 646 3577 Verc.
669 3531 692 3588 ι,
711 3511 743 3586 t,
760 3508 794 3575 6.

234 3608 290 3681 ll⁰
314 3608 547 3704 imperfectam
562 3603 766 3704 conjunctivi
774 3615 866 3687 verbi.
873 3615 1024 3704 possc(in
1040 3614 1193 3704 primario
1207 3615 1385 3701 enuntiato)
1398 3635 1461 3682 non

189 3721 333 3790 adhiberi
351 3732 465 3807 potest,
492 3722 553 3787 nisi
579 3721 786 3802 unisonum,
808 3742 869 3787 uon
891 3732 927 3788 ut
947 3741 1070 3802 verum,
1088 3721 1142 3788 sed
1166 3733 1201 3788 ut
1221 3743 1258 3788 ex
1281 3722 1460 3789 conditione
1539 3729 1541 3733 ’

189 3826 454 3916 aliquapendens
474 3829 676 3914 proponitur,
694 3842 729 3894 ut
753 3829 821 3895 Cat.
838 3829 870 3908 7,
888 3830 922 3905 7,
940 3849 1125 3894 memorare
1140 3848 1269 3916 possem
1289 3826 1408 3914 quibas
1427 3827 1461 3892 in

73 3993 75 3996 ι
189 3934 268 4004 locis
293 3955 471 4000 mocumos
490 3934 634 4006 hostium
653 3934 765 4024 copias
779 3934 926 4025 populus
940 3937 1110 4002 Romanus
1120 3956 1230 4023 parua
1248 3955 1352 4000 marm
1362 3931 1462 4022 sudc-

189 4038 244 4122 rit,
266 4039 305 4106 ni
321 4062 360 4107 ea
382 4063 434 4106 res
459 4040 589 4130 loctpius
607 4063 666 4107 nos
689 4039 884 4131 abincepto
901 4040 1063 4123 traheret3
1083 4043 1135 4126 (cl.
1160 4042 1224 4108 Cic.
1249 4042 1382 4120 Tusci,
1405 4040 1460 4120 31,
1549 4064 1552 4070 ’

189 4149 248 4227 81;
266 4152 301 4219 n‘,
328 4149 360 4226 5,
391 4149 462 4233 11).
489 4149 544 4215 Sin
565 4169 639 4215 vero
659 4149 730 4235 quis
753 4149 830 4236 quid
847 4149 949 4215 lacere
967 4142 1057 4236 posse
1084 4149 1287 4216 vehementer
1301 4147 1462 4234 significa-

191 4265 253 4332 tur,
276 4255 478 4335 indicativus
494 4264 617 4321 lantum
642 4255 790 4341 irsurpari
816 4265 936 4341 potest3
966 4256 1010 4322 sic
1035 4256 1208 4322 Sallustius
1235 4256 1303 4322 Cot.
1327 4255 1459 4329 58,13;

104 4444 107 4450 .
190 4354 285 4427 licuit
301 4357 468 4427 vobiscum
491 4383 623 4428 samma
646 4359 899 4452 turpitudinem
922 4360 1021 4429 acilio
1040 4373 1170 4429 atatem
1187 4382 1297 4450 apere,
1310 4359 1464 4451 potuistis

189 4466 343 4534 nonrmlli
353 4470 466 4534 Romae
481 4468 608 4534 omissis
624 4467 715 4534 bonis
731 4466 857 4535 alienas
876 4490 953 4559 opes
969 4480 1153 4558 expectare.

237 4574 293 4640 15ο
309 4573 524 4661 Conjunctioi
530 4574 720 4664 potentialis
736 4575 925 4665 perfectum
950 4577 1012 4654 vel,
1037 4586 1072 4641 ut
1092 4575 1149 4641 alii
1167 4577 1289 4653 volunt,
1307 4566 1467 4663 faturum

191 4691 344 4748 ecoctam
363 4682 537 4767 praesertim
558 4683 662 4768 prima
683 4703 818 4768 persona
841 4682 991 4770 usurpari
1012 4692 1146 4759 constat,
1173 4681 1212 4748 ad
1239 4681 1465 4748 affirmandum

193 4786 296 4854 levius
320 4786 353 4853 id
372 4787 458 4875 quod
487 4789 648 4854 occasione
673 4788 748 4853 data
770 4788 862 4853 facile
887 4789 1013 4855 evenire
1038 4789 1154 4874 possim
1176 4793 1248 4874 quai
1274 4788 1466 4853 constructio
1530 4806 1534 4813 “
