<?xml version="1.0" encoding="UTF-8"?>
<!DOCTYPE html PUBLIC "-//W3C//DTD XHTML 1.0 Transitional//EN"
    "http://www.w3.org/TR/xhtml1/DTD/xhtml1-transitional.dtd">
<html xmlns="http://www.w3.org/1999/xhtml" xml:lang="en" lang="en">
 <head>
  <title>
</title>
<meta http-equiv="Content-Type" content="text/html;charset=utf-8" />
  <meta name='ocr-system' content='tesseract 3.04.00' />
  <meta name='ocr-capabilities' content='ocr_page ocr_carea ocr_par ocr_line ocrx_word'/>
</head>
<body>
  <div class='ocr_page' id='page_1' title='image "./desermonesallus00consgoog_0029.png"; bbox 0 0 3314 5526; ppageno 0'>
   <div class='ocr_carea' id='block_1_1' title="bbox 724 360 964 463">
    <p class='ocr_par' dir='ltr' id='par_1_1' title="bbox 724 360 964 463">
     <span class='ocr_line' id='line_1_1' title="bbox 724 360 964 463; baseline -0.004 0"><span class='ocrx_word' id='word_1_1' title='bbox 724 360 964 463; x_wconf 37' lang='lat' dir='ltr'><em>¹-ro-</em></span> 
     </span>
    </p>
   </div>
   <div class='ocr_carea' id='block_1_2' title="bbox 156 547 1520 1280">
    <p class='ocr_par' dir='ltr' id='par_1_2' title="bbox 156 547 1520 1067">
     <span class='ocr_line' id='line_1_2' title="bbox 239 547 1520 640; baseline -0.002 -23"><span class='ocrx_word' id='word_1_2' title='bbox 239 552 423 618; x_wconf 80' lang='lat' dir='ltr'><strong>Ciceronem</strong></span> <span class='ocrx_word' id='word_1_3' title='bbox 436 552 530 637; x_wconf 88' lang='lat' dir='ltr'><em>plura</em></span> <span class='ocrx_word' id='word_1_4' title='bbox 546 559 619 616; x_wconf 89' lang='lat' dir='ltr'><em>sunt</em></span> <span class='ocrx_word' id='word_1_5' title='bbox 632 551 774 636; x_wconf 83' lang='lat' dir='ltr'><em>exempla</em></span> <span class='ocrx_word' id='word_1_6' title='bbox 792 548 845 636; x_wconf 86' lang='lat' dir='ltr'><em>(ad</em></span> <span class='ocrx_word' id='word_1_7' title='bbox 860 550 954 617; x_wconf 82' lang='lat' dir='ltr'><em>httic.</em></span> <span class='ocrx_word' id='word_1_8' title='bbox 970 570 1004 620; x_wconf 76' lang='lat' dir='ltr'><em>x,</em></span> <span class='ocrx_word' id='word_1_9' title='bbox 1022 549 1077 634; x_wconf 77' lang='lat' dir='ltr'><em>ts)</em></span> <span class='ocrx_word' id='word_1_10' title='bbox 1099 572 1106 615; x_wconf 94' lang='lat'>:</span> <span class='ocrx_word' id='word_1_11' title='bbox 1125 547 1236 614; x_wconf 85' lang='lat' dir='ltr'><em>Tullia</em></span> <span class='ocrx_word' id='word_1_12' title='bbox 1246 570 1322 616; x_wconf 82' lang='lat' dir='ltr'><em>mea</em></span> <span class='ocrx_word' id='word_1_13' title='bbox 1337 550 1520 640; x_wconf 61' lang='lat' dir='ltr'><em>peperit...5</em></span> 
     </span>
     <span class='ocr_line' id='line_1_3' title="bbox 237 656 1512 747; baseline 0 -23"><span class='ocrx_word' id='word_1_14' title='bbox 237 680 290 724; x_wconf 87' lang='lat' dir='ltr'><em>me</em></span> <span class='ocrx_word' id='word_1_15' title='bbox 314 657 453 746; x_wconf 81' lang='lat' dir='ltr'><em>mirifica</em></span> <span class='ocrx_word' id='word_1_16' title='bbox 481 656 740 745; x_wconf 75' lang='lat' dir='ltr'><em>tranquillitates</em></span> <span class='ocrx_word' id='word_1_17' title='bbox 758 656 868 724; x_wconf 85' lang='lat' dir='ltr'><em>adbtu</em></span> <span class='ocrx_word' id='word_1_18' title='bbox 888 669 1074 737; x_wconf 84' lang='lat' dir='ltr'><em>tenuerunt,</em></span> <span class='ocrx_word' id='word_1_19' title='bbox 1099 669 1197 743; x_wconf 87' lang='lat' dir='ltr'><em>atque</em></span> <span class='ocrx_word' id='word_1_20' title='bbox 1218 657 1348 745; x_wconf 81' lang='lat' dir='ltr'><em>majora</em></span> <span class='ocrx_word' id='word_1_21' title='bbox 1369 656 1512 747; x_wconf 80' lang='lat' dir='ltr'><em>impedi-</em></span> 
     </span>
     <span class='ocr_line' id='line_1_4' title="bbox 236 762 1509 853; baseline -0.001 -22"><span class='ocrx_word' id='word_1_22' title='bbox 236 777 345 832; x_wconf 84' lang='lat' dir='ltr'><em>mento</em></span> <span class='ocrx_word' id='word_1_23' title='bbox 358 765 499 853; x_wconf 81' lang='lat' dir='ltr'><em>[uerunt</em></span> <span class='ocrx_word' id='word_1_24' title='bbox 511 785 613 852; x_wconf 84' lang='lat' dir='ltr'><em>quam</em></span> <span class='ocrx_word' id='word_1_25' title='bbox 624 762 777 831; x_wconf 81' lang='lat' dir='ltr'><em>custodiae</em></span> <span class='ocrx_word' id='word_1_26' title='bbox 787 763 905 851; x_wconf 81' lang='lat' dir='ltr'><em>quidus</em></span> <span class='ocrx_word' id='word_1_27' title='bbox 920 785 1084 842; x_wconf 88' lang='lat' dir='ltr'><em>asseroor;</em></span> <span class='ocrx_word' id='word_1_28' title='bbox 1101 774 1131 830; x_wconf 92' lang='lat' dir='ltr'><em>et</em></span> <span class='ocrx_word' id='word_1_29' title='bbox 1141 765 1250 847; x_wconf 71' lang='lat' dir='ltr'><em>(Rhet.</em></span> <span class='ocrx_word' id='word_1_30' title='bbox 1270 764 1308 830; x_wconf 93' lang='lat' dir='ltr'><em>ad</em></span> <span class='ocrx_word' id='word_1_31' title='bbox 1320 766 1458 832; x_wconf 89' lang='lat' dir='ltr'><em>Herenn.</em></span> <span class='ocrx_word' id='word_1_32' title='bbox 1473 788 1509 843; x_wconf 88' lang='lat' dir='ltr'><em>u,</em></span> 
     </span>
     <span class='ocr_line' id='line_1_5' title="bbox 239 868 1510 960; baseline 0.002 -23"><span class='ocrx_word' id='word_1_33' title='bbox 239 873 293 947; x_wconf 86' lang='lat' dir='ltr'><em>ll,</em></span> <span class='ocrx_word' id='word_1_34' title='bbox 308 874 342 959; x_wconf 76' lang='grc' dir='ltr'><em>ὅ)</em></span> <span class='ocrx_word' id='word_1_35' title='bbox 362 874 451 944; x_wconf 91' lang='lat' dir='ltr'><em>:Nos</em></span> <span class='ocrx_word' id='word_1_36' title='bbox 461 892 537 938; x_wconf 86' lang='lat' dir='ltr'><em>uero</em></span> <span class='ocrx_word' id='word_1_37' title='bbox 553 870 770 952; x_wconf 80' lang='lat' dir='ltr'><em>arbitramur,</em></span> <span class='ocrx_word' id='word_1_38' title='bbox 786 893 852 937; x_wconf 78' lang='lat' dir='ltr'><em>uolt</em></span> <span class='ocrx_word' id='word_1_39' title='bbox 869 869 966 936; x_wconf 88' lang='lat' dir='ltr'><em>ruodo</em></span> <span class='ocrx_word' id='word_1_40' title='bbox 979 868 1071 937; x_wconf 85' lang='lat' dir='ltr'><em>nullo</em></span> <span class='ocrx_word' id='word_1_41' title='bbox 1087 869 1280 960; x_wconf 84' lang='lat' dir='ltr'><em>adjunsento</em></span> <span class='ocrx_word' id='word_1_42' title='bbox 1295 892 1361 937; x_wconf 84' lang='lat' dir='ltr'><em>esse</em></span> <span class='ocrx_word' id='word_1_43' title='bbox 1380 873 1437 958; x_wconf 86' lang='lat' dir='ltr'><em>(so.</em></span> <span class='ocrx_word' id='word_1_44' title='bbox 1459 893 1510 939; x_wconf 87' lang='lat' dir='ltr'><em>co-</em></span> 
     </span>
     <span class='ocr_line' id='line_1_6' title="bbox 156 976 1343 1067; baseline 0 -24"><span class='ocrx_word' id='word_1_45' title='bbox 156 1036 160 1043; x_wconf 86' lang='lat'><em>.</em></span> <span class='ocrx_word' id='word_1_46' title='bbox 237 978 410 1065; x_wconf 82' lang='lat' dir='ltr'><em>gnitionem</em></span> <span class='ocrx_word' id='word_1_47' title='bbox 428 980 725 1066; x_wconf 85' lang='lat' dir='ltr'><em>amphiboliarum),</em></span> <span class='ocrx_word' id='word_1_48' title='bbox 739 976 918 1067; x_wconf 83' lang='lat' dir='ltr'><em>sedpatius</em></span> <span class='ocrx_word' id='word_1_49' title='bbox 932 977 1080 1044; x_wconf 70' lang='lat' dir='ltr'><em>maximo</em></span> <span class='ocrx_word' id='word_1_50' title='bbox 1097 976 1343 1067; x_wconf 72' lang='lat' dir='ltr'><em>impedimenta.</em></span> 
     </span>
    </p>

    <p class='ocr_par' dir='ltr' id='par_1_3' title="bbox 237 1085 1512 1280">
     <span class='ocr_line' id='line_1_7' title="bbox 280 1085 1512 1172; baseline 0.001 -21"><span class='ocrx_word' id='word_1_51' title='bbox 280 1087 378 1152; x_wconf 88' lang='lat' dir='ltr'><em>Nullo</em></span> <span class='ocrx_word' id='word_1_52' title='bbox 398 1086 496 1172; x_wconf 84' lang='lat' dir='ltr'><em>igitur</em></span> <span class='ocrx_word' id='word_1_53' title='bbox 509 1085 604 1152; x_wconf 88' lang='lat' dir='ltr'><em>modo</em></span> <span class='ocrx_word' id='word_1_54' title='bbox 624 1085 775 1152; x_wconf 88' lang='lat' dir='ltr'><em>affirmari</em></span> <span class='ocrx_word' id='word_1_55' title='bbox 799 1095 900 1172; x_wconf 86' lang='lat' dir='ltr'><em>potest</em></span> <span class='ocrx_word' id='word_1_56' title='bbox 916 1086 1104 1153; x_wconf 84' lang='lat' dir='ltr'><em>Sallustium</em></span> <span class='ocrx_word' id='word_1_57' title='bbox 1120 1085 1153 1150; x_wconf 91' lang='lat' dir='ltr'><em>in</em></span> <span class='ocrx_word' id='word_1_58' title='bbox 1171 1085 1383 1152; x_wconf 81' lang='lat' dir='ltr'><em>declinatione</em></span> <span class='ocrx_word' id='word_1_59' title='bbox 1399 1106 1512 1172; x_wconf 91' lang='lat' dir='ltr'><em>prono-</em></span> 
     </span>
     <span class='ocr_line' id='line_1_8' title="bbox 237 1191 1019 1280; baseline 0 -22"><span class='ocrx_word' id='word_1_60' title='bbox 237 1193 336 1259; x_wconf 80' lang='lat' dir='ltr'><em>minis</em></span> <span class='ocrx_word' id='word_1_61' title='bbox 348 1191 461 1259; x_wconf 85' lang='lat' dir='ltr'><em>uullus</em></span> <span class='ocrx_word' id='word_1_62' title='bbox 481 1194 520 1260; x_wconf 91' lang='lat' dir='ltr'><em>ab</em></span> <span class='ocrx_word' id='word_1_63' title='bbox 534 1194 709 1280; x_wconf 83' lang='lat' dir='ltr'><em>aequalimn</em></span> <span class='ocrx_word' id='word_1_64' title='bbox 723 1213 811 1259; x_wconf 87' lang='lat' dir='ltr'><em>more</em></span> <span class='ocrx_word' id='word_1_65' title='bbox 830 1192 1019 1259; x_wconf 85' lang='lat' dir='ltr'><em>discessisse.</em></span> 
     </span>
    </p>
   </div>
   <div class='ocr_carea' id='block_1_3' title="bbox 772 1494 975 1562">
    <p class='ocr_par' dir='ltr' id='par_1_4' title="bbox 772 1494 975 1562">
     <span class='ocr_line' id='line_1_9' title="bbox 772 1494 975 1562; baseline -0.005 -2"><span class='ocrx_word' id='word_1_66' title='bbox 772 1494 899 1562; x_wconf 75' lang='lat' dir='ltr'>CAPUT</span> <span class='ocrx_word' id='word_1_67' title='bbox 923 1495 975 1560; x_wconf 85' lang='grc' dir='ltr'><strong>ΙΙΙ.</strong></span> 
     </span>
    </p>
   </div>
   <div class='ocr_carea' id='block_1_4' title="bbox 533 1730 1214 2154">
    <p class='ocr_par' dir='ltr' id='par_1_5' title="bbox 533 1730 1214 2154">
     <span class='ocr_line' id='line_1_10' title="bbox 661 1730 1019 1775; baseline -0.003 0"><span class='ocrx_word' id='word_1_68' title='bbox 661 1770 663 1775; x_wconf 96' lang='grc'>.</span> <span class='ocrx_word' id='word_1_69' title='bbox 726 1731 764 1774; x_wconf 79' lang='lat' dir='ltr'><em>DE</em></span> <span class='ocrx_word' id='word_1_70' title='bbox 787 1730 1019 1775; x_wconf 73' lang='lat' dir='ltr'><em>contrudamur..</em></span> 
     </span>
     <span class='ocr_line' id='line_1_11' title="bbox 861 1924 883 1976; baseline 0.045 -1"><span class='ocrx_word' id='word_1_71' title='bbox 861 1924 883 1976; x_wconf 89' lang='grc' dir='ltr'><em>Ι.</em></span> 
     </span>
     <span class='ocr_line' id='line_1_12' title="bbox 533 2070 1214 2154; baseline 0.001 -18"><span class='ocrx_word' id='word_1_72' title='bbox 533 2084 570 2137; x_wconf 87' lang='lat' dir='ltr'><em>De</em></span> <span class='ocrx_word' id='word_1_73' title='bbox 587 2082 709 2154; x_wconf 82' lang='lat' dir='ltr'><em>perlecto</em></span> <span class='ocrx_word' id='word_1_74' title='bbox 725 2070 876 2137; x_wconf 84' lang='lat' dir='ltr'><em>verborum</em></span> <span class='ocrx_word' id='word_1_75' title='bbox 891 2083 1011 2154; x_wconf 80' lang='lat' dir='ltr'><em>neglego</em></span> <span class='ocrx_word' id='word_1_76' title='bbox 1026 2087 1055 2138; x_wconf 87' lang='lat' dir='ltr'><em>et</em></span> <span class='ocrx_word' id='word_1_77' title='bbox 1068 2082 1214 2153; x_wconf 84' lang='lat' dir='ltr'><em>intellego.</em></span> 
     </span>
    </p>
   </div>
   <div class='ocr_carea' id='block_1_5' title="bbox 149 2234 1512 4156">
    <p class='ocr_par' dir='ltr' id='par_1_6' title="bbox 149 2234 1512 4156">
     <span class='ocr_line' id='line_1_13' title="bbox 279 2234 1510 2330; baseline -0.001 -19"><span class='ocrx_word' id='word_1_78' title='bbox 279 2244 398 2317; x_wconf 84' lang='lat' dir='ltr'><em>Contra</em></span> <span class='ocrx_word' id='word_1_79' title='bbox 417 2246 581 2330; x_wconf 82' lang='lat' dir='ltr'><em>vulgarem</em></span> <span class='ocrx_word' id='word_1_80' title='bbox 595 2264 689 2310; x_wconf 92' lang='lat' dir='ltr'><em>usum</em></span> <span class='ocrx_word' id='word_1_81' title='bbox 705 2243 855 2330; x_wconf 88' lang='lat' dir='ltr'><em>loquendi</em></span> <span class='ocrx_word' id='word_1_82' title='bbox 877 2244 933 2308; x_wconf 90' lang='lat' dir='ltr'><em>has</em></span> <span class='ocrx_word' id='word_1_83' title='bbox 954 2244 1072 2310; x_wconf 87' lang='lat' dir='ltr'><em>immas</em></span> <span class='ocrx_word' id='word_1_84' title='bbox 1093 2242 1276 2310; x_wconf 85' lang='lat' dir='ltr'><em>adhibuisse</em></span> <span class='ocrx_word' id='word_1_85' title='bbox 1295 2234 1422 2311; x_wconf 86' lang='lat' dir='ltr'><em>ridetur</em></span> <span class='ocrx_word' id='word_1_86' title='bbox 1437 2244 1510 2310; x_wconf 86' lang='lat' dir='ltr'><em>Sal·</em></span> 
     </span>
     <span class='ocr_line' id='line_1_14' title="bbox 237 2347 1510 2439; baseline -0.001 -21"><span class='ocrx_word' id='word_1_87' title='bbox 237 2351 351 2418; x_wconf 90' lang='lat' dir='ltr'><em>lustius</em></span> <span class='ocrx_word' id='word_1_88' title='bbox 365 2374 371 2415; x_wconf 94' lang='lat'><strong>:</strong></span> <span class='ocrx_word' id='word_1_89' title='bbox 387 2349 581 2439; x_wconf 77' lang='lat' dir='ltr'><em>neplepisset</em></span> <span class='ocrx_word' id='word_1_90' title='bbox 595 2353 677 2436; x_wconf 82' lang='lat' dir='ltr'><em>(Jug.</em></span> <span class='ocrx_word' id='word_1_91' title='bbox 695 2352 749 2432; x_wconf 83' lang='lat' dir='ltr'><em>ln,</em></span> <span class='ocrx_word' id='word_1_92' title='bbox 768 2353 812 2435; x_wconf 84' lang='lat' dir='ltr'><em>l),</em></span> <span class='ocrx_word' id='word_1_93' title='bbox 825 2347 1007 2438; x_wconf 78' lang='lat' dir='ltr'><em>uepleperis</em></span> <span class='ocrx_word' id='word_1_94' title='bbox 1026 2351 1109 2437; x_wconf 85' lang='lat' dir='ltr'><em>(Cat.</em></span> <span class='ocrx_word' id='word_1_95' title='bbox 1128 2350 1182 2428; x_wconf 75' lang='lat' dir='ltr'><em>iil,</em></span> <span class='ocrx_word' id='word_1_96' title='bbox 1197 2351 1251 2430; x_wconf 70' lang='lat' dir='ltr'><em>ul,</em></span> <span class='ocrx_word' id='word_1_97' title='bbox 1271 2351 1303 2416; x_wconf 91' lang='lat' dir='ltr'><em>in</em></span> <span class='ocrx_word' id='word_1_98' title='bbox 1320 2351 1448 2436; x_wconf 87' lang='lat' dir='ltr'><em>optimis</em></span> <span class='ocrx_word' id='word_1_99' title='bbox 1462 2371 1510 2418; x_wconf 91' lang='lat' dir='ltr'><em>co·</em></span> 
     </span>
     <span class='ocr_line' id='line_1_15' title="bbox 149 2455 1509 2547; baseline 0.002 -26"><span class='ocrx_word' id='word_1_100' title='bbox 149 2517 151 2521; x_wconf 85' lang='lat'>.</span> <span class='ocrx_word' id='word_1_101' title='bbox 235 2457 374 2540; x_wconf 79' lang='lat' dir='ltr'><em>dinibus,</em></span> <span class='ocrx_word' id='word_1_102' title='bbox 391 2459 552 2547; x_wconf 86' lang='lat' dir='ltr'><em>praecipue</em></span> <span class='ocrx_word' id='word_1_103' title='bbox 567 2458 600 2524; x_wconf 91' lang='lat' dir='ltr'><em>in</em></span> <span class='ocrx_word' id='word_1_104' title='bbox 615 2458 787 2525; x_wconf 87' lang='lat' dir='ltr'><em>Parisiensi</em></span> <span class='ocrx_word' id='word_1_105' title='bbox 810 2460 900 2542; x_wconf 84' lang='lat' dir='ltr'><em>longe</em></span> <span class='ocrx_word' id='word_1_106' title='bbox 917 2458 1069 2544; x_wconf 92' lang='lat' dir='ltr'><em>optimo);</em></span> <span class='ocrx_word' id='word_1_107' title='bbox 1092 2455 1313 2546; x_wconf 79' lang='lat' dir='ltr'><em>intelleperint</em></span> <span class='ocrx_word' id='word_1_108' title='bbox 1329 2460 1381 2545; x_wconf 88' lang='lat' dir='ltr'><em>(H.</em></span> <span class='ocrx_word' id='word_1_109' title='bbox 1404 2481 1428 2534; x_wconf 88' lang='lat'><em>1,</em></span> <span class='ocrx_word' id='word_1_110' title='bbox 1454 2460 1509 2536; x_wconf 66' lang='lat'><em>125,</em></span> 
     </span>
     <span class='ocr_line' id='line_1_16' title="bbox 234 2563 1512 2652; baseline -0.001 -20"><span class='ocrx_word' id='word_1_111' title='bbox 234 2566 306 2651; x_wconf 67' lang='lat'><em>23),</em></span> <span class='ocrx_word' id='word_1_112' title='bbox 320 2567 375 2632; x_wconf 92' lang='lat' dir='ltr'><em>uhi</em></span> <span class='ocrx_word' id='word_1_113' title='bbox 393 2576 495 2632; x_wconf 89' lang='lat' dir='ltr'><em>tamen</em></span> <span class='ocrx_word' id='word_1_114' title='bbox 512 2566 685 2634; x_wconf 82' lang='lat' dir='ltr'><em>Vaticanus</em></span> <span class='ocrx_word' id='word_1_115' title='bbox 697 2563 921 2652; x_wconf 81' lang='lat' dir='ltr'><em>iutellepereat</em></span> <span class='ocrx_word' id='word_1_116' title='bbox 936 2565 1045 2642; x_wconf 86' lang='lat' dir='ltr'><em>habet,</em></span> <span class='ocrx_word' id='word_1_117' title='bbox 1065 2565 1173 2630; x_wconf 90' lang='lat' dir='ltr'><em>minus</em></span> <span class='ocrx_word' id='word_1_118' title='bbox 1188 2566 1397 2644; x_wconf 84' lang='lat' dir='ltr'><em>bono&#39;sensu3</em></span> <span class='ocrx_word' id='word_1_119' title='bbox 1415 2565 1512 2632; x_wconf 81' lang='lat' dir='ltr'><em>iutel-</em></span> 
     </span>
     <span class='ocr_line' id='line_1_17' title="bbox 234 2670 1509 2762; baseline -0.002 -22"><span class='ocrx_word' id='word_1_120' title='bbox 234 2672 314 2760; x_wconf 77' lang='lat' dir='ltr'><em>leqit</em></span> <span class='ocrx_word' id='word_1_121' title='bbox 338 2674 379 2758; x_wconf 85' lang='lat' dir='ltr'><em>(l.</em></span> <span class='ocrx_word' id='word_1_122' title='bbox 401 2674 434 2752; x_wconf 84' lang='lat'><em>6,</em></span> <span class='ocrx_word' id='word_1_123' title='bbox 460 2676 493 2758; x_wconf 77' lang='grc'><em>2)</em></span> <span class='ocrx_word' id='word_1_124' title='bbox 519 2697 526 2738; x_wconf 92' lang='lat'><strong>:</strong></span> <span class='ocrx_word' id='word_1_125' title='bbox 551 2671 678 2754; x_wconf 84' lang='lat' dir='ltr'><em>Quibus</em></span> <span class='ocrx_word' id='word_1_126' title='bbox 697 2670 793 2738; x_wconf 84' lang='lat' dir='ltr'><em>rebus</em></span> <span class='ocrx_word' id='word_1_127' title='bbox 819 2671 972 2760; x_wconf 74' lang='lat' dir='ltr'><em>Micipsa,</em></span> <span class='ocrx_word' id='word_1_128' title='bbox 1000 2671 1135 2759; x_wconf 74' lang='lat' dir='ltr'><em>tametsi</em></span> <span class='ocrx_word' id='word_1_129' title='bbox 1152 2671 1247 2739; x_wconf 86' lang='lat' dir='ltr'><em>iuitio</em></span> <span class='ocrx_word' id='word_1_130' title='bbox 1273 2671 1365 2739; x_wconf 82' lang='lat' dir='ltr'><em>lautus</em></span> <span class='ocrx_word' id='word_1_131' title='bbox 1380 2673 1509 2762; x_wconf 78' lang='lat' dir='ltr'><em>folcrat,</em></span> 
     </span>
     <span class='ocr_line' id='line_1_18' title="bbox 234 2777 1509 2870; baseline 0.001 -25"><span class='ocrx_word' id='word_1_132' title='bbox 234 2779 439 2846; x_wconf 71' lang='lat' dir='ltr'><em>existumans</em></span> <span class='ocrx_word' id='word_1_133' title='bbox 450 2781 606 2845; x_wconf 86' lang='lat' dir='ltr'><em>uirtutem</em></span> <span class='ocrx_word' id='word_1_134' title='bbox 616 2778 789 2867; x_wconf 79' lang='lat' dir='ltr'><em>lupurtda</em></span> <span class='ocrx_word' id='word_1_135' title='bbox 801 2800 901 2866; x_wconf 76' lang='lat' dir='ltr'><em>reqno</em></span> <span class='ocrx_word' id='word_1_136' title='bbox 913 2801 972 2846; x_wconf 86' lang='lat' dir='ltr'><em>srro</em></span> <span class='ocrx_word' id='word_1_137' title='bbox 983 2777 1099 2868; x_wconf 76' lang='lat' dir='ltr'><em>qloriau</em></span> <span class='ocrx_word' id='word_1_138' title='bbox 1111 2779 1197 2868; x_wconf 74' lang='lat' dir='ltr'><em>fore,</em></span> <span class='ocrx_word' id='word_1_139' title='bbox 1213 2793 1324 2846; x_wconf 83' lang='lat' dir='ltr'><em>tamen</em></span> <span class='ocrx_word' id='word_1_140' title='bbox 1330 2790 1509 2870; x_wconf 84' lang='lat' dir='ltr'><em>postquam</em></span> 
     </span>
     <span class='ocr_line' id='line_1_19' title="bbox 234 2885 1509 2976; baseline -0.001 -24"><span class='ocrx_word' id='word_1_141' title='bbox 234 2924 277 2938; x_wconf 95' lang='lat'><em>-</em></span> <span class='ocrx_word' id='word_1_142' title='bbox 292 2886 463 2974; x_wconf 75' lang='lat' dir='ltr'><em>iutelleqit,</em></span> <span class='ocrx_word' id='word_1_143' title='bbox 484 2885 690 2953; x_wconf 83' lang='lat' dir='ltr'><em>uehementer</em></span> <span class='ocrx_word' id='word_1_144' title='bbox 706 2907 742 2952; x_wconf 83' lang='lat' dir='ltr'><em>eo</em></span> <span class='ocrx_word' id='word_1_145' title='bbox 757 2885 888 2974; x_wconf 75' lang='lat' dir='ltr'><em>nepotio</em></span> <span class='ocrx_word' id='word_1_146' title='bbox 902 2899 1085 2976; x_wconf 86' lang='lat' dir='ltr'><em>permotus,</em></span> <span class='ocrx_word' id='word_1_147' title='bbox 1101 2886 1208 2953; x_wconf 83' lang='lat' dir='ltr'><em>ruttlta</em></span> <span class='ocrx_word' id='word_1_148' title='bbox 1228 2908 1304 2953; x_wconf 82' lang='lat' dir='ltr'><em>crtus</em></span> <span class='ocrx_word' id='word_1_149' title='bbox 1322 2885 1509 2952; x_wconf 86' lang='lat' dir='ltr'><em>animosae</em></span> 
     </span>
     <span class='ocr_line' id='line_1_20' title="bbox 233 2992 1510 3081; baseline 0 -21"><span class='ocrx_word' id='word_1_150' title='bbox 233 2992 402 3076; x_wconf 85' lang='lat' dir='ltr'><em>volvebat;</em></span> <span class='ocrx_word' id='word_1_151' title='bbox 421 2995 474 3060; x_wconf 93' lang='lat' dir='ltr'><em>uhi</em></span> <span class='ocrx_word' id='word_1_152' title='bbox 490 2994 841 3061; x_wconf 81' lang='lat' dir='ltr'><em>indicativumdiliicile</em></span> <span class='ocrx_word' id='word_1_153' title='bbox 851 3005 897 3060; x_wconf 91' lang='lat' dir='ltr'><em>est</em></span> <span class='ocrx_word' id='word_1_154' title='bbox 909 2994 1027 3075; x_wconf 87' lang='lat' dir='ltr'><em>vidore,</em></span> <span class='ocrx_word' id='word_1_155' title='bbox 1041 3004 1170 3081; x_wconf 89' lang='lat' dir='ltr'><em>propter</em></span> <span class='ocrx_word' id='word_1_156' title='bbox 1180 2995 1402 3081; x_wconf 88' lang='lat' dir='ltr'><em>lmperlectum</em></span> <span class='ocrx_word' id='word_1_157' title='bbox 1413 3014 1510 3061; x_wconf 88' lang='lat' dir='ltr'><em>enun-</em></span> 
     </span>
     <span class='ocr_line' id='line_1_21' title="bbox 235 3101 1508 3189; baseline 0 -21"><span class='ocrx_word' id='word_1_158' title='bbox 235 3103 311 3168; x_wconf 89' lang='lat' dir='ltr'><em>tiato</em></span> <span class='ocrx_word' id='word_1_159' title='bbox 332 3102 485 3189; x_wconf 87' lang='lat' dir='ltr'><em>primario</em></span> <span class='ocrx_word' id='word_1_160' title='bbox 502 3102 651 3188; x_wconf 91' lang='lat' dir='ltr'><em>positum.</em></span> <span class='ocrx_word' id='word_1_161' title='bbox 674 3103 806 3183; x_wconf 83' lang='lat' dir='ltr'><em>hnhalt,</em></span> <span class='ocrx_word' id='word_1_162' title='bbox 828 3101 1033 3170; x_wconf 90' lang='lat' dir='ltr'><em>Weinholdio</em></span> <span class='ocrx_word' id='word_1_163' title='bbox 1060 3121 1217 3181; x_wconf 78' lang='lat' dir='ltr'><em>assensus,</em></span> <span class='ocrx_word' id='word_1_164' title='bbox 1244 3123 1296 3168; x_wconf 89' lang='lat' dir='ltr'><em>eas</em></span> <span class='ocrx_word' id='word_1_165' title='bbox 1313 3103 1431 3169; x_wconf 89' lang='lat' dir='ltr'><em>formas</em></span> <span class='ocrx_word' id='word_1_166' title='bbox 1446 3122 1508 3169; x_wconf 92' lang='lat' dir='ltr'><em>non</em></span> 
     </span>
     <span class='ocr_line' id='line_1_22' title="bbox 234 3209 1511 3296; baseline 0 -21"><span class='ocrx_word' id='word_1_167' title='bbox 234 3209 436 3296; x_wconf 88' lang='lat' dir='ltr'><em>usurpandas</em></span> <span class='ocrx_word' id='word_1_168' title='bbox 458 3209 490 3275; x_wconf 89' lang='lat' dir='ltr'><em>in</em></span> <span class='ocrx_word' id='word_1_169' title='bbox 511 3209 650 3276; x_wconf 90' lang='lat' dir='ltr'><em>editione</em></span> <span class='ocrx_word' id='word_1_170' title='bbox 676 3219 793 3287; x_wconf 87' lang='lat' dir='ltr'><em>censet,</em></span> <span class='ocrx_word' id='word_1_171' title='bbox 819 3209 958 3295; x_wconf 92' lang='lat' dir='ltr'><em>primum</em></span> <span class='ocrx_word' id='word_1_172' title='bbox 983 3210 1069 3295; x_wconf 91' lang='lat' dir='ltr'><em>quod</em></span> <span class='ocrx_word' id='word_1_173' title='bbox 1094 3210 1223 3275; x_wconf 89' lang='lat' dir='ltr'><em>anullo</em></span> <span class='ocrx_word' id='word_1_174' title='bbox 1242 3209 1450 3295; x_wconf 84' lang='lat' dir='ltr'><em>grammatico</em></span> <span class='ocrx_word' id='word_1_175' title='bbox 1475 3219 1511 3275; x_wconf 89' lang='lat' dir='ltr'><em>ut</em></span> 
     </span>
     <span class='ocr_line' id='line_1_23' title="bbox 232 3315 1509 3404; baseline -0.001 -22"><span class='ocrx_word' id='word_1_176' title='bbox 232 3317 428 3383; x_wconf 84' lang='lat' dir='ltr'><em>Sallustiana</em></span> <span class='ocrx_word' id='word_1_177' title='bbox 452 3328 682 3395; x_wconf 87' lang='lat' dir='ltr'><em>memorentur,</em></span> <span class='ocrx_word' id='word_1_178' title='bbox 705 3316 820 3382; x_wconf 87' lang='lat' dir='ltr'><em>deinde</em></span> <span class='ocrx_word' id='word_1_179' title='bbox 847 3317 933 3402; x_wconf 89' lang='lat' dir='ltr'><em>quod</em></span> <span class='ocrx_word' id='word_1_180' title='bbox 953 3317 1138 3383; x_wconf 89' lang='lat' dir='ltr'><em>Parisianus</em></span> <span class='ocrx_word' id='word_1_181' title='bbox 1171 3317 1226 3382; x_wconf 92' lang='lat' dir='ltr'><em>ille</em></span> <span class='ocrx_word' id='word_1_182' title='bbox 1250 3318 1306 3402; x_wconf 90' lang='lat' dir='ltr'><em>qui</em></span> <span class='ocrx_word' id='word_1_183' title='bbox 1328 3315 1509 3404; x_wconf 75' lang='lat' dir='ltr'><em>uepleperis</em></span> 
     </span>
     <span class='ocr_line' id='line_1_24' title="bbox 231 3421 1510 3510; baseline -0.001 -20"><span class='ocrx_word' id='word_1_184' title='bbox 231 3425 299 3491; x_wconf 89' lang='lat' dir='ltr'><em>Cat.</em></span> <span class='ocrx_word' id='word_1_185' title='bbox 323 3424 378 3504; x_wconf 78' lang='lat' dir='ltr'><em>nl,</em></span> <span class='ocrx_word' id='word_1_186' title='bbox 400 3425 443 3489; x_wconf 66' lang='lat' dir='ltr'><em>th</em></span> <span class='ocrx_word' id='word_1_187' title='bbox 464 3423 602 3499; x_wconf 86' lang='lat' dir='ltr'><em>exhibet,</em></span> <span class='ocrx_word' id='word_1_188' title='bbox 624 3421 816 3510; x_wconf 83' lang='lat' dir='ltr'><em>neplerrisset</em></span> <span class='ocrx_word' id='word_1_189' title='bbox 832 3433 942 3488; x_wconf 86' lang='lat' dir='ltr'><em>eontra</em></span> <span class='ocrx_word' id='word_1_190' title='bbox 960 3425 1031 3508; x_wconf 82' lang='lat' dir='ltr'><em>lug.</em></span> <span class='ocrx_word' id='word_1_191' title='bbox 1050 3425 1104 3502; x_wconf 81' lang='lat' dir='ltr'><em>ld,</em></span> <span class='ocrx_word' id='word_1_192' title='bbox 1123 3425 1137 3488; x_wconf 93' lang='lat' dir='ltr'><em>l</em></span> <span class='ocrx_word' id='word_1_193' title='bbox 1158 3425 1283 3503; x_wconf 78' lang='lat' dir='ltr'><em>alferat,</em></span> <span class='ocrx_word' id='word_1_194' title='bbox 1301 3424 1510 3509; x_wconf 88' lang='lat' dir='ltr'><em>pluribusque</em></span> 
     </span>
     <span class='ocr_line' id='line_1_25' title="bbox 233 3528 1508 3616; baseline 0 -20"><span class='ocrx_word' id='word_1_195' title='bbox 233 3531 310 3597; x_wconf 89' lang='lat' dir='ltr'><em>locis</em></span> <span class='ocrx_word' id='word_1_196' title='bbox 325 3529 371 3614; x_wconf 83' lang='lat' dir='ltr'><em>(C.</em></span> <span class='ocrx_word' id='word_1_197' title='bbox 388 3532 442 3606; x_wconf 75' lang='lat'><em>20,</em></span> <span class='ocrx_word' id='word_1_198' title='bbox 459 3532 496 3611; x_wconf 83' lang='lat'><em>33</em></span> <span class='ocrx_word' id='word_1_199' title='bbox 512 3531 538 3596; x_wconf 90' lang='lat' dir='ltr'><em>J.</em></span> <span class='ocrx_word' id='word_1_200' title='bbox 558 3530 613 3608; x_wconf 80' lang='lat'><em>93,</em></span> <span class='ocrx_word' id='word_1_201' title='bbox 636 3530 673 3609; x_wconf 81' lang='grc'><em>3;</em></span> <span class='ocrx_word' id='word_1_202' title='bbox 690 3531 728 3596; x_wconf 92' lang='lat' dir='ltr'><em>H.</em></span> <span class='ocrx_word' id='word_1_203' title='bbox 748 3553 797 3609; x_wconf 76' lang='grc' dir='ltr'>ιιι,</span> <span class='ocrx_word' id='word_1_204' title='bbox 814 3530 869 3608; x_wconf 66' lang='lat'><em>82,</em></span> <span class='ocrx_word' id='word_1_205' title='bbox 891 3531 925 3616; x_wconf 81' lang='lat'><em>9)</em></span> <span class='ocrx_word' id='word_1_206' title='bbox 944 3528 1265 3596; x_wconf 79' lang='lat' dir='ltr'><em>intelleaitomnihus</em></span> <span class='ocrx_word' id='word_1_207' title='bbox 1280 3530 1442 3597; x_wconf 87' lang='lat' dir='ltr'><em>codicibus</em></span> <span class='ocrx_word' id='word_1_208' title='bbox 1463 3532 1508 3596; x_wconf 94' lang='lat' dir='ltr'><em>le-</em></span> 
     </span>
     <span class='ocr_line' id='line_1_26' title="bbox 231 3636 1510 3725; baseline -0.001 -21"><span class='ocrx_word' id='word_1_209' title='bbox 231 3649 335 3725; x_wconf 83' lang='lat' dir='ltr'><em>gatur.</em></span> <span class='ocrx_word' id='word_1_210' title='bbox 352 3638 527 3704; x_wconf 84' lang='lat' dir='ltr'><em>Fatendum</em></span> <span class='ocrx_word' id='word_1_211' title='bbox 539 3646 644 3704; x_wconf 87' lang='lat' dir='ltr'><em>tamen</em></span> <span class='ocrx_word' id='word_1_212' title='bbox 656 3648 776 3704; x_wconf 91' lang='lat' dir='ltr'><em>estnon</em></span> <span class='ocrx_word' id='word_1_213' title='bbox 791 3657 916 3723; x_wconf 86' lang='lat' dir='ltr'><em>semper</em></span> <span class='ocrx_word' id='word_1_214' title='bbox 931 3637 991 3703; x_wconf 87' lang='lat' dir='ltr'><em>sibi</em></span> <span class='ocrx_word' id='word_1_215' title='bbox 1001 3649 1149 3704; x_wconf 85' lang='lat' dir='ltr'><em>constare</em></span> <span class='ocrx_word' id='word_1_216' title='bbox 1163 3648 1307 3705; x_wconf 91' lang='lat' dir='ltr'><em>nostrum</em></span> <span class='ocrx_word' id='word_1_217' title='bbox 1321 3636 1510 3720; x_wconf 82' lang='lat' dir='ltr'><em>scriptorem</em></span> 
     </span>
     <span class='ocr_line' id='line_1_27' title="bbox 232 3744 1509 3824; baseline -0.002 -13"><span class='ocrx_word' id='word_1_218' title='bbox 232 3748 265 3812; x_wconf 91' lang='lat' dir='ltr'><em>in</em></span> <span class='ocrx_word' id='word_1_219' title='bbox 286 3746 445 3812; x_wconf 86' lang='lat' dir='ltr'><em>veteribus</em></span> <span class='ocrx_word' id='word_1_220' title='bbox 465 3746 576 3811; x_wconf 83' lang='lat' dir='ltr'><em>formis</em></span> <span class='ocrx_word' id='word_1_221' title='bbox 596 3744 797 3824; x_wconf 88' lang='lat' dir='ltr'><em>adhibendis,</em></span> <span class='ocrx_word' id='word_1_222' title='bbox 815 3765 872 3812; x_wconf 87' lang='lat' dir='ltr'><em>nec</em></span> <span class='ocrx_word' id='word_1_223' title='bbox 891 3765 1020 3811; x_wconf 87' lang='lat' dir='ltr'><em>causam</em></span> <span class='ocrx_word' id='word_1_224' title='bbox 1040 3745 1122 3810; x_wconf 89' lang='lat' dir='ltr'><em>hanc</em></span> <span class='ocrx_word' id='word_1_225' title='bbox 1137 3745 1213 3811; x_wconf 90' lang='lat' dir='ltr'><em>satis</em></span> <span class='ocrx_word' id='word_1_226' title='bbox 1227 3745 1370 3812; x_wconf 88' lang='lat' dir='ltr'><em>validam</em></span> <span class='ocrx_word' id='word_1_227' title='bbox 1384 3765 1450 3811; x_wconf 91' lang='lat' dir='ltr'><em>esse</em></span> <span class='ocrx_word' id='word_1_228' title='bbox 1473 3755 1509 3810; x_wconf 89' lang='lat' dir='ltr'><em>ut</em></span> 
     </span>
     <span class='ocr_line' id='line_1_28' title="bbox 231 3847 1507 3939; baseline -0.002 -19"><span class='ocrx_word' id='word_1_229' title='bbox 231 3853 426 3921; x_wconf 83' lang='lat' dir='ltr'><em>archaismos</em></span> <span class='ocrx_word' id='word_1_230' title='bbox 442 3875 479 3920; x_wconf 82' lang='lat' dir='ltr'><em>es</em></span> <span class='ocrx_word' id='word_1_231' title='bbox 494 3853 621 3939; x_wconf 91' lang='lat' dir='ltr'><em>scriptis</em></span> <span class='ocrx_word' id='word_1_232' title='bbox 636 3853 835 3920; x_wconf 86' lang='lat' dir='ltr'><em>sallustianis</em></span> <span class='ocrx_word' id='word_1_233' title='bbox 851 3854 981 3919; x_wconf 90' lang='lat' dir='ltr'><em>omnino</em></span> <span class='ocrx_word' id='word_1_234' title='bbox 994 3847 1203 3939; x_wconf 84' lang='lat' dir='ltr'><em>expellamus,</em></span> <span class='ocrx_word' id='word_1_235' title='bbox 1221 3855 1245 3920; x_wconf 89' lang='lat' dir='ltr'><em>si</em></span> <span class='ocrx_word' id='word_1_236' title='bbox 1262 3855 1343 3920; x_wconf 88' lang='lat' dir='ltr'><em>forle</em></span> <span class='ocrx_word' id='word_1_237' title='bbox 1363 3873 1426 3919; x_wconf 93' lang='lat' dir='ltr'><em>non</em></span> <span class='ocrx_word' id='word_1_238' title='bbox 1443 3873 1507 3926; x_wconf 86' lang='lat' dir='ltr'><em>uno</em></span> 
     </span>
     <span class='ocr_line' id='line_1_29' title="bbox 231 3957 1507 4048; baseline -0.001 -22"><span class='ocrx_word' id='word_1_239' title='bbox 231 3971 339 4028; x_wconf 87' lang='lat' dir='ltr'><em>tenore</em></span> <span class='ocrx_word' id='word_1_240' title='bbox 358 3973 509 4047; x_wconf 89' lang='lat' dir='ltr'><em>certaque</em></span> <span class='ocrx_word' id='word_1_241' title='bbox 530 3961 651 4028; x_wconf 88' lang='lat' dir='ltr'><em>ratione</em></span> <span class='ocrx_word' id='word_1_242' title='bbox 676 3961 822 4048; x_wconf 89' lang='lat' dir='ltr'><em>usurpati</em></span> <span class='ocrx_word' id='word_1_243' title='bbox 840 3960 1021 4028; x_wconf 85' lang='lat' dir='ltr'><em>videantur.</em></span> <span class='ocrx_word' id='word_1_244' title='bbox 1040 3961 1088 4028; x_wconf 88' lang='lat' dir='ltr'><em>Cl.</em></span> <span class='ocrx_word' id='word_1_245' title='bbox 1107 3957 1210 4028; x_wconf 75' lang='lat' dir='ltr'><em>detrun</em></span> <span class='ocrx_word' id='word_1_246' title='bbox 1227 3970 1258 4029; x_wconf 88' lang='lat' dir='ltr'><em>et</em></span> <span class='ocrx_word' id='word_1_247' title='bbox 1277 3959 1433 4040; x_wconf 78' lang='lat' dir='ltr'><em>datorum,</em></span> <span class='ocrx_word' id='word_1_248' title='bbox 1452 3981 1507 4025; x_wconf 92' lang='lat' dir='ltr'><em>su·</em></span> 
     </span>
     <span class='ocr_line' id='line_1_30' title="bbox 231 4070 443 4156; baseline 0.005 -23"><span class='ocrx_word' id='word_1_249' title='bbox 231 4088 302 4154; x_wconf 88' lang='lat' dir='ltr'><em>pra,</em></span> <span class='ocrx_word' id='word_1_250' title='bbox 321 4089 392 4156; x_wconf 83' lang='lat' dir='ltr'><em>pag.</em></span> <span class='ocrx_word' id='word_1_251' title='bbox 411 4070 443 4134; x_wconf 80' lang='lat'><em>5.</em></span> 
     </span>
    </p>
   </div>
   <div class='ocr_carea' id='block_1_6' title="bbox 851 4182 887 4262">
    <p class='ocr_par' dir='ltr' id='par_1_7' title="bbox 851 4182 887 4262">
     <span class='ocr_line' id='line_1_31' title="bbox 851 4182 887 4262; baseline 0.056 -2"><span class='ocrx_word' id='word_1_252' title='bbox 851 4182 887 4262; x_wconf 87' lang='lat' dir='ltr'><em>d.</em></span> 
     </span>
    </p>
   </div>
   <div class='ocr_carea' id='block_1_7' title="bbox 426 4371 1310 4446">
    <p class='ocr_par' dir='ltr' id='par_1_8' title="bbox 426 4371 1310 4446">
     <span class='ocr_line' id='line_1_32' title="bbox 426 4371 1310 4446; baseline 0 -18"><span class='ocrx_word' id='word_1_253' title='bbox 426 4371 464 4428; x_wconf 80' lang='lat' dir='ltr'><em>lte</em></span> <span class='ocrx_word' id='word_1_254' title='bbox 480 4371 681 4429; x_wconf 83' lang='lat' dir='ltr'><em>terminatione</em></span> <span class='ocrx_word' id='word_1_255' title='bbox 698 4373 790 4429; x_wconf 81' lang='lat' dir='ltr'><em>tertiae</em></span> <span class='ocrx_word' id='word_1_256' title='bbox 807 4389 935 4446; x_wconf 86' lang='lat' dir='ltr'><em>persouae</em></span> <span class='ocrx_word' id='word_1_257' title='bbox 949 4372 1068 4445; x_wconf 87' lang='lat' dir='ltr'><em>pluralis</em></span> <span class='ocrx_word' id='word_1_258' title='bbox 1084 4371 1202 4444; x_wconf 85' lang='lat' dir='ltr'><em>perfecti</em></span> <span class='ocrx_word' id='word_1_259' title='bbox 1218 4372 1310 4428; x_wconf 81' lang='lat' dir='ltr'><em>activi.</em></span> 
     </span>
    </p>
   </div>
   <div class='ocr_carea' id='block_1_8' title="bbox 230 4531 1507 4837">
    <p class='ocr_par' dir='ltr' id='par_1_9' title="bbox 230 4531 1507 4837">
     <span class='ocr_line' id='line_1_33' title="bbox 275 4531 1507 4619; baseline -0.001 -21"><span class='ocrx_word' id='word_1_260' title='bbox 275 4532 389 4598; x_wconf 84' lang='lat' dir='ltr'><em>Forma</em></span> <span class='ocrx_word' id='word_1_261' title='bbox 408 4553 461 4598; x_wconf 87' lang='lat' dir='ltr'><em>ere</em></span> <span class='ocrx_word' id='word_1_262' title='bbox 482 4532 574 4598; x_wconf 87' lang='lat' dir='ltr'><em>tertia</em></span> <span class='ocrx_word' id='word_1_263' title='bbox 588 4552 731 4619; x_wconf 83' lang='lat' dir='ltr'><em>personae</em></span> <span class='ocrx_word' id='word_1_264' title='bbox 751 4532 888 4619; x_wconf 91' lang='lat' dir='ltr'><em>pluralis</em></span> <span class='ocrx_word' id='word_1_265' title='bbox 908 4532 1039 4618; x_wconf 87' lang='lat' dir='ltr'><em>perfecti</em></span> <span class='ocrx_word' id='word_1_266' title='bbox 1056 4531 1148 4600; x_wconf 88' lang='lat' dir='ltr'><em>actiri</em></span> <span class='ocrx_word' id='word_1_267' title='bbox 1168 4552 1293 4618; x_wconf 90' lang='lat' dir='ltr'><em>semper</em></span> <span class='ocrx_word' id='word_1_268' title='bbox 1316 4532 1381 4598; x_wconf 86' lang='lat' dir='ltr'><em>fere</em></span> <span class='ocrx_word' id='word_1_269' title='bbox 1404 4531 1507 4598; x_wconf 87' lang='lat' dir='ltr'><em>utitur</em></span> 
     </span>
     <span class='ocr_line' id='line_1_34' title="bbox 230 4637 1505 4718; baseline -0.002 -12"><span class='ocrx_word' id='word_1_270' title='bbox 230 4639 419 4718; x_wconf 63' lang='lat' dir='ltr'><em>Sallustium</em></span> <span class='ocrx_word' id='word_1_271' title='bbox 442 4639 669 4706; x_wconf 87' lang='lat' dir='ltr'><em>recentissimis</em></span> <span class='ocrx_word' id='word_1_272' title='bbox 688 4640 773 4706; x_wconf 92' lang='lat' dir='ltr'><em>enim</em></span> <span class='ocrx_word' id='word_1_273' title='bbox 799 4638 942 4706; x_wconf 88' lang='lat' dir='ltr'><em>codicum</em></span> <span class='ocrx_word' id='word_1_274' title='bbox 964 4640 1188 4708; x_wconf 85' lang='lat' dir='ltr'><em>collationibus</em></span> <span class='ocrx_word' id='word_1_275' title='bbox 1210 4662 1228 4707; x_wconf 91' lang='lat' dir='ltr'><em>a</em></span> <span class='ocrx_word' id='word_1_276' title='bbox 1251 4638 1388 4706; x_wconf 88' lang='lat' dir='ltr'><em>Jordano</em></span> <span class='ocrx_word' id='word_1_277' title='bbox 1416 4637 1505 4705; x_wconf 85' lang='lat' dir='ltr'><em>lactis</em></span> 
     </span>
     <span class='ocr_line' id='line_1_35' title="bbox 231 4745 1501 4837; baseline -0.001 -25"><span class='ocrx_word' id='word_1_278' title='bbox 231 4747 378 4834; x_wconf 85' lang='lat' dir='ltr'><em>seqnitur</em></span> <span class='ocrx_word' id='word_1_279' title='bbox 392 4757 425 4813; x_wconf 86' lang='lat' dir='ltr'><em>ul</em></span> <span class='ocrx_word' id='word_1_280' title='bbox 438 4745 572 4813; x_wconf 84' lang='lat' dir='ltr'><em>sormam</em></span> <span class='ocrx_word' id='word_1_281' title='bbox 594 4747 626 4812; x_wconf 91' lang='lat' dir='ltr'><em>in</em></span> <span class='ocrx_word' id='word_1_282' title='bbox 646 4757 741 4812; x_wconf 78' lang='lat' dir='ltr'><em>erum</em></span> <span class='ocrx_word' id='word_1_283' title='bbox 758 4747 888 4812; x_wconf 92' lang='lat' dir='ltr'><em>omnino</em></span> <span class='ocrx_word' id='word_1_284' title='bbox 909 4757 1032 4821; x_wconf 81' lang='lat' dir='ltr'><em>tantum</em></span> <span class='ocrx_word' id='word_1_285' title='bbox 1047 4759 1162 4837; x_wconf 91' lang='lat' dir='ltr'><em>quater</em></span> <span class='ocrx_word' id='word_1_286' title='bbox 1176 4758 1261 4815; x_wconf 88' lang='lat' dir='ltr'><em>certo</em></span> <span class='ocrx_word' id='word_1_287' title='bbox 1281 4746 1501 4834; x_wconf 84' lang='lat' dir='ltr'><em>usurpaverit:</em></span> 
     </span>
    </p>
   </div>
   <div class='ocr_carea' id='block_1_9' title="bbox 0 0 1662 5526">
    <p class='ocr_par' dir='ltr' id='par_1_10' title="bbox 0 0 1662 5526">
     <span class='ocr_line' id='line_1_36' title="bbox 0 0 1662 5526; baseline 0 2"><span class='ocrx_word' id='word_1_288' title='bbox 0 0 1662 5526; x_wconf 95' lang='lat' dir='ltr'><em> </em></span> 
     </span>
    </p>
   </div>
  </div>
 </body>
</html>
