3314 5526
718 457 916 516 —230-

181 598 232 665 die
247 597 348 665 attere
364 601 502 686 Spraobe
521 601 643 667 scbeint
664 603 846 688 iiberbaupt
865 600 922 666 das
953 601 1113 686 Supinum
1135 601 1167 666 in
1180 621 1356 686 groesserer
1376 601 1464 668 Aus-

182 706 333 791 debnung
346 707 393 772 als
408 706 460 774 die
473 716 604 793 spaetere
619 709 792 795 gebraucbt
811 730 848 774 zu
864 708 980 774 haben.
1004 734 1016 767 ι

226 813 261 879 3ο
279 813 408 900 Objecta
422 815 609 902 supInorum
623 815 728 881 varias
745 817 861 881 lormas
877 814 1027 880 exhibent
1045 837 1052 878 ε

225 943 258 986 ιι.
277 921 486 998 substantivi,
503 922 601 987 veluti
621 923 692 1008 Jug.
714 923 769 999 93,
788 924 819 1002 7,
836 919 965 987 illarius
978 942 1053 987 cum
1067 919 1189 1008 Lipare
1202 919 1373 1009 promisse
1388 920 1463 1009 ejas

182 1027 349 1115 eoprcittcm
377 1049 417 1094 ec
441 1020 656 1116 presentibus
670 1028 760 1094 misit
774 1030 826 1114 (cl.
847 1031 919 1115 lug.
950 1029 1005 1108 ⁰28,
1021 1031 1059 1107 ⁰23
1090 1030 1145 1106 77,
1162 1030 1199 1108 23
1217 1028 1298 1093 Hist.
1331 1049 1380 1106 ιιι,
1401 1029 1460 1106 82,

133 1117 136 1125 ¹
185 1136 237 1211 lo,
259 1138 347 1219 etc).
1469 1220 1472 1226 ἱ

228 1240 258 1306 b.
277 1242 472 1308 substantivi
504 1242 665 1309 enunciati
682 1263 753 1308 cum
776 1265 828 1322 ne,
846 1245 916 1328 lug.
947 1243 1002 1322 83,
1026 1244 1057 1322 ι,
1079 1240 1203 1329 lepatos
1221 1238 1268 1306 ud
1293 1239 1463 1307 Bocchum

139 1363 141 1367 ‘
183 1347 285 1414 mittit
296 1347 504 1437 postulatam
527 1370 568 1414 ιιι
586 1349 656 1414 sine
675 1371 775 1415 cetrae
799 1349 899 1416 bostis
915 1348 1040 1438 populo
1069 1352 1221 1419 Romano
1236 1348 1343 1436 fieret.

227 1476 254 1521 c.
278 1455 424 1542 Obliquae
439 1456 710 1541 interrogationis,
725 1459 796 1541 lug.
815 1459 869 1533 al,
885 1459 918 1534 2,
936 1468 1046 1521 tumen
1061 1454 1195 1521 interim
1215 1455 1413 1543 trerrsfuqas
1432 1466 1465 1520 et

184 1560 267 1627 alias
286 1574 499 1650 opportunos
516 1561 683 1649 darprcrtbe
703 1560 763 1627 obt
781 1563 928 1650 peritiam
948 1572 1008 1628 αιιι
1017 1559 1101 1648 quid
1109 1561 1263 1649 epiterii,
1285 1583 1361 1626 cum
1370 1583 1461 1650 puat-

183 1667 269 1734 cisue
283 1679 365 1734 esset
382 1691 426 1734 an
441 1667 619 1735 exercitum
653 1667 798 1751 baberet,
820 1680 859 1735 ut
875 1691 942 1736 sese
956 1670 1059 1735 nictus
1087 1679 1215 1757 peroret
1246 1667 1463 1757 exploratum

183 1775 284 1842 misit.
341 1761 343 1766 ’

228 1885 264 1949 Β.
290 1920 335 1933 -
359 1884 496 1949 Surrnuu
521 1905 552 1948 ιιι
577 1907 607 1950 u.

231 1993 264 2056 l⁰
287 2018 298 2050 ι
323 1992 367 2056 [ιι
383 1991 483 2056 altero
504 1991 620 2077 supino
644 1991 676 2057 in
696 2013 719 2057 ιι
738 1990 908 2071 desinenti,
927 1990 1011 2076 quod
1035 1990 1223 2076 plerumque
1247 1988 1409 2053 ablativus
1431 2009 1466 2054 ae

186 2117 419 2183 nonnunquam
433 2097 559 2165 dativus
578 2098 716 2165 nominis
731 2098 869 2165 verbalis
884 2107 930 2163 est
948 2099 1002 2185 (cl.
1019 2097 1117 2163 Prisc.
1140 2097 1173 2175 9,
1191 2097 1238 2183 9),
1261 2115 1364 2181 pauca
1379 2094 1467 2180 adji-

132 2253 133 2256 ,
187 2226 256 2272 cere
271 2225 308 2271 eo
323 2205 430 2271 minus
447 2205 561 2271 inutile
581 2227 647 2272 esse
662 2205 800 2285 videtur,
822 2204 907 2291 quod
925 2205 1116 2290 interpretes
1137 2204 1284 2290 pluribus
1300 2204 1389 2288 locis,
1407 2202 1466 2268 ubi

189 2312 247 2378 illa
262 2313 348 2379 verbi
370 2314 471 2378 lorma
488 2334 506 2378 a
521 2313 673 2399 scriptore
690 2321 844 2400 usurpata
858 2322 918 2389 ιιι,
945 2312 977 2390 ip
998 2310 1163 2377 statuendo
1180 2311 1236 2375 illo
1251 2308 1335 2397 quod
1351 2328 1467 2375 verum

189 2431 234 2487 est
249 2440 359 2506 parum
374 2421 587 2487 consentiunt.
605 2421 746 2487 Kritzius
761 2425 846 2487 enim
862 2429 892 2486 ιι
906 2419 1076 2505 Herzogius
1091 2439 1128 2484 ex
1139 2417 1369 2484 nonnullorum
1380 2417 1468 2483 codi-

188 2549 260 2594 cum
276 2527 337 2594 fide
353 2528 557 2616 participium
578 2528 708 2615 perlecti
724 2528 840 2615 passivi
854 2528 985 2616 sectum
1007 2547 1064 2613 pro
1085 2525 1201 2611 supino
1213 2524 1309 2612 [ectu
1326 2523 1466 2610 scripse-

188 2645 264 2700 runt
278 2635 346 2701 Cat.
371 2636 425 2714 3⁶2,
451 2637 483 2715 l,
508 2647 681 2723 opteramum
699 2635 795 2722 factu
815 2633 947 2700 crederes
966 2633 1144 2699 exercitum
1165 2652 1300 2719 erepere,
1323 2632 1466 2719 itemque

190 2743 258 2808 Cat.
277 2744 331 2822 55,
352 2745 386 2820 ι,
405 2744 460 2815 57,
478 2744 514 2821 53
531 2745 602 2827 lug.
624 2744 698 2818 ιο7,
717 2745 748 2807 5.
766 2743 905 2808 Kritzius
921 2741 1089 2807 discrimen
1102 2738 1186 2826 quod
1201 2740 1467 2824 interutramque

189 2859 382 2915 structuram
398 2850 563 2915 intercedit
576 2850 621 2915 sic
632 2850 754 2927 statuit,
770 2859 804 2916 ut
821 2849 988 2934 participio
1002 2849 1081 2935 perl.
1101 2867 1200 2933 pass,
1214 2846 1299 2932 quod
1314 2866 1381 2912 rem
1396 2867 1469 2932 per-

189 2958 301 3023 lectam
317 2956 484 3041 significet,
503 2956 722 3023 tantummodo
738 2956 901 3043 singulare
922 2954 1046 3042 aliquid
1066 2955 1170 3020 notari
1186 2954 1364 3034 existimet3
1381 2953 1469 3040 supi·
1523 3033 1526 3037 ²

188 3084 267 3129 num
284 3073 403 3143 autem,
420 3083 483 3151 quo
503 3064 662 3150 generalis
680 3063 880 3130 contineatur
899 3063 986 3129 verbi
1003 3062 1103 3140 notio,
1121 3061 1269 3129 universe
1285 3081 1351 3126 rem
1369 3080 1470 3147 agen-

190 3169 262 3235 dam
279 3170 455 3255 exprimere
471 3182 501 3236 et
518 3171 613 3236 latius
629 3187 748 3257 patere.
767 3170 816 3237 nd
831 3191 928 3258 quam
944 3169 1132 3235 sententiam
1150 3167 1376 3234 stabiliendam
1393 3169 1469 3234 lau·

189 3277 245 3344 dat
267 3277 445 3343 Bentleium
468 3277 507 3343 ad
530 3279 600 3343 Ter.
628 3277 727 3343 Andr.
757 3299 778 3354 ι,
803 3279 844 3354 5„
862 3278 892 3354 l,
910 3275 1057 3341 bociaest
1084 3275 1181 3363 [cetat
1200 3273 1386 3340 humanum
1405 3286 1472 3340 aut

190 3383 344 3474 inceptu?
362 3385 427 3452 Cic.
451 3385 503 3449 oli.
523 3407 544 3464 ι,
562 3386 594 3462 3,
616 3387 645 3460 7,
664 3384 877 3449 Ιιοιιιιιιιιιιιιι
893 3382 989 3472 fectu
1007 3382 1050 3448 sit
1071 3404 1115 3448 αιι
1136 3392 1231 3470 turpe
1261 3379 1474 3474 dubitantia!

191 3488 281 3578 qaod
292 3490 326 3556 ιἰι
343 3488 612 3557 deliberationem
627 3489 725 3570 cadit,
744 3510 840 3576 quam
859 3490 1048 3556 sententiam
1062 3489 1224 3568 Horatius
1243 3500 1277 3555 ut
1301 3497 1405 3575 poeta,
1426 3489 1470 3556 ad

190 3599 351 3683 singulam
366 3618 430 3663 rem
448 3598 725 3678 revocaveritSat.
744 3619 767 3675 1,
784 3599 817 3676 l,
836 3599 912 3674 lat,
931 3597 998 3662 siae
1017 3595 1160 3677 vetabat,
1178 3617 1223 3661 aa
1236 3594 1297 3661 boc
1312 3593 1470 3661 iubenes-

191 3715 262 3770 ιιιιιι
275 3715 308 3770 ιι
320 3703 437 3770 inartile
448 3704 579 3792 saetam
593 3725 692 3770 aecae
705 3704 760 3785 sit,
778 3702 962 3770 addubites.
981 3703 1133 3770 Eamdem
1153 3703 1309 3769 rationem
1328 3703 1471 3770 allirmat

192 3811 462 3878 Sallustianorum
476 3813 692 3898 exemplorum
710 3832 790 3893 esse,
806 3812 874 3898 ubi,
890 3833 961 3898 quae
974 3811 1077 3877 adbuc
1091 3810 1270 3897 peragenda
1283 3810 1358 3889 sint,
1373 3811 1469 3897 quasi

188 3919 256 4006 jam
273 3920 356 3985 lacta
374 3920 407 3984 in
424 3940 525 3985 unum
539 3919 861 4004 comprehendantur,
879 3938 942 4004 quo
963 3918 1099 3984 artificio
1115 3927 1146 3983 et
1162 3917 1262 3984 Graeci
1285 3927 1316 3982 et
1331 3917 1469 3984 Romani

69 4028 71 4032 ”
192 4025 279 4092 haud
307 4047 422 4111 parum
450 4027 686 4112 perspicuitatis
711 4038 739 4112 et
764 4027 931 4112 elegantiae
953 4025 1090 4092 orationi
1117 4025 1298 4091 concilient.
1332 4023 1471 4090 Fabrius

191 4143 314 4211 contra,
330 4134 524 4219 optimorum
542 4134 697 4199 librorum
714 4134 904 4199 auctoritate
928 4133 1030 4214 nisus,
1058 4134 1256 4217 alteramque
1274 4130 1469 4198 locutionem

194 4241 260 4307 ullo
276 4241 359 4307 alius
379 4241 542 4326 scriptoris
560 4243 703 4328 exemplo
723 4241 799 4306 satis
820 4240 940 4306 muniri
963 4239 1155 4324 defendique
1176 4258 1294 4325 negans
1313 4236 1470 4324 supinum

192 4349 338 4428 retinuit,
362 4349 447 4435 quod
463 4349 547 4416 idem
566 4349 710 4435 quamvis
731 4349 849 4413 inuitus
869 4347 1048 4413 Dietsebius
1068 4347 1152 4412 lecit.
1177 4347 1206 4411 ls
1227 4344 1312 4411 enim
1335 4344 1466 4429 partici-

194 4455 296 4542 pium,
313 4456 432 4543 quippe
449 4457 481 4522 in
502 4477 565 4543 quo
580 4456 683 4543 major
701 4455 748 4520 vis
769 4455 856 4535 insit,
870 4475 968 4541 quum
981 4454 1066 4540 quod
1088 4454 1234 4519 laturum
1256 4451 1297 4517 sit
1310 4450 1377 4537 jam
1393 4471 1471 4537 per·

194 4564 486 4650 lectumcogitetur,
503 4565 648 4630 Sallustii
663 4563 788 4649 ingenio
802 4561 902 4646 magis
914 4562 1082 4627 convenire
1098 4559 1253 4640 concedit,
1267 4558 1322 4644 qui
1337 4557 1470 4644 quidem

195 4670 375 4758 parimodo
393 4692 476 4760 optes
495 4682 542 4736 est
554 4690 679 4756 semper
698 4690 769 4736 cum
794 4670 892 4735 ablat.
909 4668 1070 4755 participii
1100 4667 1180 4753 peri.
1198 4687 1281 4752 pass.
1309 4665 1467 4754 junxerit.

195 4778 390 4859 Quibuscum
404 4779 431 4844 si
447 4778 679 4866 comparaveris
695 4797 765 4863 quae
780 4777 951 4864 Herzogius
968 4775 1008 4841 ad
1026 4777 1095 4843 Cat.
1120 4775 1174 4853 32,
1200 4776 1214 4843 l
1235 4773 1273 4841 de
1291 4793 1329 4840 ca
1348 4793 1382 4839 re
1401 4781 1470 4840 sta·
