3314 5526
597 710 1041 798 CONCLUSlO.

224 1381 293 1445 lam
314 1379 354 1444 ad
369 1390 486 1444 metam
503 1378 717 1465 pervenimus,
737 1379 866 1464 longum
892 1378 951 1443 iter
966 1378 1097 1444 emensi.
1125 1377 1208 1458 Quid
1226 1398 1298 1444 roro
1314 1399 1351 1443 ex
1369 1398 1468 1445 accu-

181 1508 250 1560 rata
274 1495 331 1560 illa
351 1495 506 1560 sermonis
527 1494 715 1559 Sallustiani
736 1493 961 1579 disquisitione
989 1494 1096 1580 colligi
1124 1496 1253 1580 potest?
1276 1494 1468 1580 Praecipuas

182 1608 311 1696 quidem
328 1610 473 1684 virtutes,
496 1631 576 1695 quas
592 1621 622 1674 et
640 1619 760 1674 veteres
773 1620 803 1675 et
825 1610 1013 1675 recentiores
1030 1609 1114 1694 apud
1136 1608 1229 1674 illum
1248 1636 1259 1668 r
1279 1630 1394 1675 rerum
1409 1632 1466 1676 ro·

182 1723 640 1813 nonnarumflorentissimum
652 1736 820 1790 erratorem
844 1753 855 1784 ι
876 1726 883 1758 ¹
902 1735 1112 1810 agnoverunt,
1126 1725 1312 1810 agnovimus
1328 1736 1360 1790 et
1377 1725 1440 1812 ipsi
1458 1749 1465 1791 :

183 1839 387 1920 breuitatem,
404 1840 610 1921 uarietatem,
632 1839 666 1904 in
689 1829 795 1905 verbis
817 1841 1068 1929 proprietatem.
1092 1839 1255 1906 Breuitate
1270 1862 1341 1919 sua,
1362 1826 1469 1907 inter-

182 1957 260 2022 dum
275 1957 484 2034 subobscura
502 1957 698 2040 exemplaria
712 1976 815 2041 graeea
825 1958 921 2021 etiam
936 1933 1111 2042 superarit,
1129 1976 1200 2040 quae
1212 1968 1315 2020 tamen
1330 1955 1469 2021 liberius

186 2071 328 2137 imitatus
340 2083 399 2150 est,
417 2071 516 2136 nobili
534 2082 564 2136 et
577 2072 719 2137 materiae
734 2072 899 2156 aptissima
912 2072 1004 2156 prisci
1018 2071 1172 2137 sermonis
1188 2084 1270 2136 veste
1287 2071 1468 2138 sententias

185 2187 340 2266 indueus,
353 2208 388 2252 ac
402 2189 499 2253 simul
516 2187 708 2274 exquisitam
723 2188 959 2272 simplicitatem
975 2197 1006 2253 et
1021 2207 1169 2272 magnum
1188 2188 1284 2253 robur
1299 2199 1469 2253 assecutus

184 2313 241 2368 est.
264 2303 311 2368 nd
332 2301 525 2368 uarietatem
547 2303 690 2388 pervenit
706 2304 797 2368 nullo
817 2302 909 2369 modo
931 2303 1108 2368 affectatam
1128 2314 1183 2367 aut
1205 2303 1387 2389 quaesitans,
1409 2303 1469 2369 sed

187 2428 308 2484 tantum
331 2438 386 2502 per
401 2428 509 2504 aptam
524 2418 694 2484 verborum
714 2437 786 2483 cnm
800 2418 965 2483 sententiis
985 2418 1252 2498 convenientiam,
1274 2437 1338 2484 non
1358 2419 1469 2483 mani-

185 2534 264 2600 lesta
284 2533 427 2620 quidem,
448 2533 503 2598 sed
528 2545 633 2598 tamen
654 2532 894 2599 accuratissima
919 2534 1076 2599 industria
1102 2544 1224 2619 partam
1232 2556 1241 2612 3
1259 2542 1291 2598 et
1305 2533 1372 2598 haec
1392 2532 1467 2618 qui·

185 2648 257 2714 dem
271 2668 307 2714 ao
320 2649 412 2745 tertia
427 2661 473 2713 ost
490 2649 651 2735 praecipua
680 2648 761 2714 inter
776 2648 931 2714 sermonis
948 2649 1016 2735 ojus
1030 2648 1164 2715 uirtutes
1187 2659 1316 2734 propter
1331 2668 1429 2734 quam
1449 2670 1468 2714 a

186 2763 291 2829 Gellio
305 2763 316 2796 ²
327 2763 575 2857 proprietatum
594 2763 628 2828 in
643 2761 750 2829 uerbis
768 2762 1040 2830 retinentissimus
1056 2764 1159 2829 dictus
1173 2773 1230 2829 est.

230 2881 320 2945 Nunc
339 2899 425 2956 vero,
443 2880 468 2944 si
486 2879 736 2965 unumquodque
750 2879 895 2945 Sallustii
915 2900 995 2965 opus
1012 2879 1259 2954 consideremus,
1284 2876 1469 2945 Catilinam

178 2985 218 3061 ‘et
236 2993 439 3082 iurgantium
460 3015 522 3060 non
547 2996 683 3060 multum
705 3015 723 3059 a
745 2994 856 3060 ceteris
872 2995 1012 3081 ejusdem
1032 2995 1134 3061 aetatis
1150 2993 1301 3081 operibus
1317 3013 1469 3060 sermone

187 3111 314 3176 dill‘erre
337 3111 448 3201 liquet,
470 3110 635 3175 Historias
656 3130 730 3176 vero
755 3122 786 3175 et
806 3112 1055 3176 arclra'r'smorum
1076 3111 1195 3197 majore
1216 3130 1349 3174 numero
1365 3122 1396 3173 et
1413 3129 1472 3174 ro-

187 3226 376 3291 cabulorum
400 3225 523 3290 delectu
543 3239 573 3290 et
603 3226 800 3292 locutionum
827 3235 1124 3311 structurarumque
1152 3225 1375 3310 singularitate
1398 3224 1472 3288 lon-

187 3341 259 3426 gius
279 3364 296 3405 a
316 3341 522 3407 Ciceroniana
540 3362 600 3406 usu
617 3340 776 3406 discedere
787 3366 795 3421 ;
814 3363 894 3427 quas
904 3341 1031 3428 quidem
1051 3343 1266 3427 potiusquam
1284 3337 1471 3406 Catilinam

189 3466 246 3521 aut
262 3455 463 3543 Juperrtluam
495 3457 654 3522 imitatum
682 3477 749 3522 esse
773 3457 1013 3524 suasoriarum
1029 3469 1187 3523 auctorem
1206 3476 1297 3521 nemo
1317 3456 1471 3534 miretur,

189 3572 310 3657 quippe
338 3573 393 3656 qui
421 3572 452 3636 in
471 3573 645 3658 exemplari
674 3572 770 3638 fucati
800 3573 978 3659 splendoris
1006 3584 1192 3638 ornamenta
1221 3572 1348 3637 lucilius
1372 3591 1475 3656 quam

190 3687 330 3752 nobilem
348 3708 384 3753 ac
402 3689 549 3753 decoram
569 3689 759 3774 gravitatem
777 3689 963 3775 perceperit.

233 3803 382 3869 Nostrum
403 3803 500 3888 igitur
523 3803 681 3890 judicium
701 3804 968 3890 comprehendere
994 3814 1024 3870 et
1050 3814 1149 3869 tolum
1178 3824 1256 3889 opus
1282 3803 1474 3869 concludere

192 3919 297 3997 liceat,
324 3939 423 4003 supra
452 3918 615 3984 laudatam
641 3920 757 3985 summi
784 3920 885 3985 aetatis
906 3929 1020 3985 nostrae
1042 3919 1266 4004 grammaticl³
1287 3917 1474 4004 opinionem

194 4035 307 4100 iterum
325 4034 515 4100 referendo:
541 4062 552 4094 ι
579 4037 618 4102 Ut
634 4035 717 4101 inter
736 4046 854 4101 veteres
878 4049 909 4101 ct
933 4036 1122 4102 recentiores
1140 4047 1202 4101 stat
1216 4036 1402 4112 Sallustius,
1428 4034 1475 4099 ita

193 4151 262 4237 ejus
285 4170 387 4216 senno
407 4151 490 4217 inter
514 4152 706 4236 elegantiam
721 4151 896 4237 aequalium
922 4163 953 4216 et
982 4152 1150 4236 antiquum
1171 4153 1309 4216 colorem
1330 4148 1473 4215 medium

193 4276 296 4344 tenct3
318 4267 388 4353 ejus
409 4265 551 4332 vividum
572 4286 607 4332 ac
627 4268 707 4332 lorto
727 4266 850 4332 dicendi
874 4287 971 4352 genus
1000 4267 1092 4352 prisci
1123 4267 1278 4332 sermonis
1306 4265 1475 4350 dignitatis

226 4489 248 4534 l.
263 4483 346 4532 Taciti
362 4484 457 4534 Annal.
469 4501 506 4544 ιιι,
523 4489 563 4535 30.

225 4567 248 4614 2.
265 4563 324 4612 Auli
342 4564 416 4612 Gellii
432 4564 530 4613 Noctes
547 4565 653 4621 Atticae.
669 4580 694 4621 x,
714 4568 756 4614 20.

226 4648 248 4694 3.
265 4644 426 4707 Bernhardy,
442 4644 596 4695 Geschichte
611 4645 658 4693 ‹ler
674 4645 754 4693 Rom.
769 4644 896 4698 Litlorat..
913 4645 973 4694 altr.
986 4645 1028 4704 lV,
1041 4661 1066 4710 p.
1077 4647 1130 4694 aot.
