3314 5526
725 425 925 490 -459-

183 576 278 642 uerba
295 573 452 642 inlinitivo
467 575 617 642 historico
634 576 737 663 posita
753 576 994 663 perspiciamus,
1015 574 1264 655 considerantes,
1282 575 1363 643 sicut
1383 577 1459 642 etin

185 683 346 769 subjectis,
363 689 503 769 primum
518 693 679 762 naturam,
695 682 811 749 deinde
825 703 995 750 numerum
1011 703 1134 749 eorum.

228 790 371 857 Primum
394 791 551 869 omnium,
573 789 771 857 infinitivum
788 791 952 878 praesentis
967 790 1072 857 solum
1085 789 1137 855 hic
1153 790 1302 876 usurpari
1320 810 1409 876 posse
1423 811 1461 858 en

186 896 371 963 delinitione
399 917 496 983 supra
521 897 667 963 instituta
692 907 793 984 patet;
820 897 1054 984 quodquidam
1077 917 1177 963 uuum
1199 897 1371 983 reperitur,
1397 918 1461 964 nou

186 1006 290 1071 solum
306 1003 392 1089 apud
406 1014 550 1070 nostrum
566 1003 765 1088 scriptorem,
782 1004 836 1076 sed
851 1005 947 1070 etiam
963 1003 1049 1090 apud
1068 1016 1198 1095 eeteros.
1220 1005 1378 1092 Praeterea
1393 1007 1462 1091 ple·

187 1131 322 1198 rumque
340 1112 476 1177 lormam
496 1110 761 1177 activamiuduat
784 1130 909 1177 necesse
923 1122 981 1188 est,
999 1130 1100 1198 quum
1115 1110 1220 1198 reipsa
1235 1130 1342 1179 veram
1362 1112 1463 1178 actio·

187 1237 259 1284 nom
276 1217 406 1298 indicet,
423 1217 488 1283 sive
503 1229 678 1298 externam,
695 1217 760 1284 sive
775 1217 933 1285 internam
951 1241 958 1283 :
979 1219 1011 1284 44
1025 1217 1114 1284 Actio
1130 1229 1261 1284 externa
1279 1227 1401 1285 tantum
1418 1240 1462 1284 os·

187 1324 340 1405 tenditur,
359 1324 494 1411 exempli
510 1325 625 1410 gratia,
642 1325 713 1410 lug.
733 1326 787 1405 44,
804 1326 837 1405 5,
854 1336 1042 1405 castora...
1065 1345 1312 1413 adproperare...
1329 1322 1463 1414 praedas

187 1452 340 1520 apere...
354 1442 510 1511 4444444,
520 1480 541 1496 ..
555 1428 749 1512 vendere...
762 1431 921 1510 mercar&
932 1434 967 1498 2⁰
977 1432 1059 1498 actio
1072 1441 1178 1498 autem
1189 1442 1312 1498 tantum
1323 1432 1460 1507 interna,

186 1541 202 1605 J
207 1559 257 1624 ug.
280 1540 336 1619 70,
354 1541 386 1615 4,
403 1559 505 1604 trevas
520 1559 570 1603 res
589 1559 719 1626 cupere,
740 1536 981 1627 ead-'perniciem
999 1538 1072 1628 ejas
1093 1536 1206 1605 dolam
1225 1559 1383 1627 44444444,
1405 1537 1463 1605 diu
1520 1546 1523 1551 ’

186 1657 349 1732 caestuque
366 1644 516 1733 satipare
539 1643 707 1724 animam3
732 1645 765 1710 3⁰
785 1645 925 1712 actiones
940 1646 1079 1733 deniqne
1095 1645 1227 1711 interne
1241 1665 1313 1712 cum
1326 1645 1464 1712 externis

187 1753 308 1829 mixta,
330 1753 398 1818 Cat.
426 1753 479 1830 la,
503 1753 535 1828 2,
557 1773 686 1840 rapere,
709 1773 911 1833 consumere,
926 1749 1200 1842 parvipendere,
1228 1751 1469 1839 superaccidit

185 1858 281 1947 pensi
294 1857 425 1940 dedere,
443 1868 474 1924 et
490 1859 637 1945 pluribus
656 1859 729 1925 aliis
746 1859 835 1925 locis.

232 1966 338 2036 Verba
352 1986 431 2046 esse,
453 1963 565 2031 adesse
584 1965 700 2051 saepius
715 1975 926 2052 usurpantur,
942 1965 1004 2030 ’4444
1020 1985 1059 2032 ex
1071 1985 1197 2031 summa
1213 1966 1354 2032 locorum
1369 1967 1463 2032 actio·

189 2092 262 2138 nem
279 2092 386 2137 veram
402 2073 540 2157 cogitare
553 2073 724 2138 debeamus
742 2097 749 2137 :
773 2070 897 2151 adesse,
915 2072 1032 2138 eodem.
1045 2073 1110 2138 lere
1123 2091 1216 2137 sensu
1233 2071 1389 2138 aasabim
1404 2094 1465 2160 ap-

183 2200 321 2268 parere,
352 2176 507 2244 advenire
529 2181 600 2264 Jug.
629 2180 682 2270 45,
718 2180 758 2258 4,
789 2179 845 2258 50,
870 2181 907 2258 4;
933 2178 1054 2258 87,.4;
1085 2179 1140 2257 36,
1170 2180 1207 2260 3;
1235 2180 1310 2256 466,
1337 2180 1375 2259 33
1400 2200 1466 2244 esse

192 2286 354 2351 invenitur
368 2287 437 2352 Cat.
455 2285 488 2364 6,
510 2287 529 2350 4
550 2283 670 2373 (panace
687 2284 858 2351 4444444444
873 2284 1000 2350 44444444
1017 2285 1114 2364 4444);
1136 2287 1191 2365 40,
1208 2287 1245 2364 7;
1263 2287 1373 2366 27,·2;
1391 2287 1462 2370 Jug.

191 2393 223 2469 6,
244 2393 257 2456 l
272 2415 280 2472 3
298 2393 352 2470 50,
368 2393 405 2470 2;
424 2393 514 2470 55,.2
532 2391 641 2479 (sama
654 2389 693 2456 cle
707 2390 1010 2478 Metellopraeelara
1025 2412 1105 2473 esse3
1123 2393 1162 2457 cl.
1180 2393 1286 2471 73‚.5,
1304 2391 1339 2456 ia
1354 2390 1466 2480 majas

190 2497 386 2582 celedrar·e);
408 2499 464 2576 et,
482 2499 501 2563 4
520 2495 682 2584 (scorzadis
697 2497 793 2564 redas
804 2498 931 2586 feroces
943 2519 1026 2580 esse3
1047 2500 1087 2564 cl.
1105 2498 1235 2585 apitare
1250 2499 1367 2585 saepius
1381 2497 1464 2585 aprrd

192 2606 382 2672 Sallustium
401 2605 626 2692 usurpatum),
644 2606 698 2682 445,
716 2607 736 2672 3
754 2606 781 2683 ¹·;
808 2605 862 2683 73,
890 2607 927 2684 4;
944 2606 1019 2685 443,
1038 2607 1069 2672 3.
1086 2606 1121 2671 44
1143 2608 1219 2672 locis
1234 2626 1308 2672 vero
1323 2626 1394 2692 quae
1409 2616 1467 2670 sta·

193 2723 259 2778 tum
277 2711 461 2777 interiorem
485 2731 670 2798 expressum
684 2712 814 2789 habent,
833 2713 1042 2785 inveniuntur
1057 2713 1142 2798 apud
1167 2711 1355 2780 Sallustium
1370 2711 1467 2776 verba

193 2839 319 2900 cavere,
337 2816 462 2898 timere,
483 2828 639 2898 metuere,
662 2839 796 2907 pavere,
816 2840 1008 2908 pavescere,
1021 2892 1023 2896 .
1036 2817 1154 2899 444444,
1176 2816 1298 2898 dolere,
1324 2815 1465 2895 eredere,

118 2946 123 2955 ·
194 2947 284 3014 spem
306 2923 439 3005 trabere,
464 2923 629 3014 diffidere.
646 2925 687 2991 444
710 2925 888 2991 notandum
914 2936 960 2993 est
981 2926 1128 2992 omnibus
1146 2925 1195 2990 his
1219 2926 1295 2992 locis
1315 2945 1381 2990 noa
1406 2937 1469 2990 tarn

193 3043 310 3099 statum
335 3042 365 3097 et
392 3032 539 3098 allectum
565 3032 662 3097 animi
689 3032 850 3117 passivum
874 3053 971 3118 quam
998 3031 1290 3098 manifestationem
1313 3031 1401 3098 illius
1421 3051 1469 3096 44-

197 3140 304 3225 primi.
326 3140 375 3205 cf.
393 3140 409 3204 J
414 3160 464 3224 ug.
483 3140 538 3218 98,
559 3141 592 3216 6,
619 3136 706 3215 deira,
729 3136 849 3204 4446444
868 3137 1001 3227 ipaibas
1016 3137 1129 3226 saetas,
1152 3136 1349 3226 pleramque
1366 3137 1486 3202 4444444-

194 3245 333 3312 barbari
358 3266 451 3311 more
464 3267 524 3311 sao
555 3243 674 3323 444444,
692 3246 855 3320 anullare,
875 3256 1018 3333 strepere
1032 3243 1164 3312 vocibus
1179 3254 1211 3310 et
1228 3244 1293 3333 ipsi
1306 3242 1404 3310 duces
1415 3244 1465 3332 se·

193 3373 293 3430 44444,
311 3352 392 3440 qaia
411 3374 478 3418 4444
495 3353 668 3441 saperent,
690 3374 753 3441 pro
772 3351 956 3418 ,4444444644
975 3373 1088 3440 operm
1107 3360 1259 3438 praeterea
1273 3353 1343 3419 Cat.
1360 3351 1415 3430 34,
1431 3351 1468 3427 34

194 3461 250 3537 54,
272 3460 331 3540 49;
348 3460 418 3545 lug.
439 3460 546 3542 43,5;
565 3460 619 3539 33,
638 3460 749 3539 4;46,
770 3460 805 3540 4;
823 3460 878 3540 55,
896 3459 935 3540 3;
958 3460 1067 3539 74,4;
1085 3460 1194 3541 9223
1211 3459 1287 3538 466,
1304 3461 1336 3526 6.
1415 3485 1447 3497 ·’

240 3577 388 3642 Ceterum
419 3575 578 3641 infinitivo
598 3575 749 3643 historico
776 3576 909 3642 verbum
928 3597 1028 3666 posse
1052 3585 1243 3663 usurpatum
1269 3595 1335 3641 esse
1352 3574 1469 3641 mirum

123 3699 125 3703 ’
196 3694 255 3761 ost,
270 3682 408 3768 qucd'in
429 3683 531 3748 tribus
547 3682 624 3749 loeis
640 3681 844 3749 Sallustianis
865 3683 1027 3750 invenitur
1046 3707 1053 3748 :
1075 3685 1146 3769 lug.
1164 3683 1219 3761 69,
1241 3684 1274 3762 2,
1300 3681 1360 3748 444·
1373 3694 1473 3770 etque

192 3787 316 3878 praeda
332 3809 403 3878 spes
418 3786 565 3878 amplias
580 3810 682 3877 qaam
698 3787 857 3856 lassitudo
868 3812 976 3880 posse,
992 3791 1045 3856 ubi
1066 3802 1217 3877 tanquam
1231 3787 1342 3855 ualere
1357 3788 1473 3855 intelli·
1489 3802 1491 3806 ’

195 3897 334 3983 gendum
360 3906 407 3963 est
422 3895 557 3983 ideoque
577 3897 685 3964 minus
703 3897 887 3964 mirandum
895 3921 904 3978 ;
923 3897 975 3964 sed
994 3897 1024 3962 in
1040 3898 1109 3983 lug.
1128 3897 1184 3985 67,
1201 3899 1221 3962 ⁶2
1243 3906 1274 3961 et
1293 3897 1362 3962 Cat.
1373 3894 1438 3973 >255
1454 3895 1473 3959 5
1552 3973 1555 3981 Ι

196 4024 269 4070 4444
289 4004 483 4070 anomaliam
498 4003 663 4070 habemus.
792 4016 795 4022 ·

227 4149 249 4193 t.
266 4143 323 4193 Hoc
336 4143 394 4192 loco
413 4144 517 4208 (lpttar
531 4142 612 4195 setta
626 4132 716 4207 444444
728 4146 848 4208 pateretur
865 4142 960 4195 44444444
975 4143 1032 4203 (ott
1050 4142 1160 4208 44444444
1172 4143 1235 4207 jam
1250 4153 1339 4207 prope
1357 4141 1476 4192 44444444

197 4215 330 4275 majorum
345 4218 468 4279 4444444,
483 4215 580 4265 titteris
593 4214 691 4266 Grecis
705 4217 730 4264 44
750 4215 949 4278 4444444444
965 4218 1050 4278 atque
1064 4214 1222 4266 4444444444
1238 4213 1368 4270 eruditas.
1383 4213 1491 4272 444444,

195 4288 305 4349 tepenti,
328 4285 442 4350 cupidae
456 4285 696 4350 cataplasma
711 4285 805 4350 444444
817 4286 946 4350 captator.
962 4289 1017 4336 otto
1036 4285 1178 4337 tueartoso
1192 4285 1271 4348 esse),
1288 4288 1394 4348 propter
1405 4288 1475 4332 ante-

196 4350 292 4406 cedens
311 4356 376 4416 4444,
392 4355 510 4421 pluribus
522 4356 586 4406 viris
598 4357 684 4406 doctis
702 4352 788 4406 vis'um
802 4364 842 4406 est
856 4369 909 4408 4444
923 4355 1004 4405 deleri
1019 4362 1150 4421 oportere,
1162 4356 1336 4420 'tauquam'ex
1354 4352 1477 4403 varietate

198 4427 311 4485 quadam
327 4427 433 4476 lectioni
450 4441 497 4479 oso
508 4427 588 4476 allata
607 4427 704 4478 oriens.
720 4427 866 4491 Utcumque
886 4442 929 4477 res
942 4441 971 4476 so
985 4427 1072 4484 habet,
1093 4440 1151 4479 esse
1169 4426 1194 4476 iu
1209 4426 1329 4476 omnihus
1344 4423 1478 4474 codicibus

197 4507 292 4556 exstat,
306 4504 332 4546 et
346 4514 376 4547 ex
391 4497 546 4561 antiquitate
561 4497 736 4547 remotissima
748 4497 877 4561 originem
891 4498 969 4548 ducit.
987 4498 1108 4563 (Koziol.)
1123 4527 1153 4536 —
1168 4499 1252 4556 Quum
1266 4498 1293 4545 in
1307 4496 1376 4546 hune
1393 4494 1477 4543 locum

200 4583 286 4618 sermo
301 4569 433 4630 inciderit,
448 4569 545 4619 addere
563 4569 643 4619 liceat
657 4569 726 4632 quod
744 4570 825 4619 verba
840 4573 920 4634 alque
935 4571 1108 4628 4444444444,
1126 4585 1184 4633 quae
1198 4569 1224 4618 iu
1238 4571 1319 4633 444444
1335 4567 1479 4619 acetosum

198 4640 331 4689 Jordanus
355 4647 381 4690 44
393 4649 455 4705 post
469 4656 528 4690 eum
542 4641 682 4690 Jacobsius
695 4639 821 4689 mutanda
841 4647 1007 4701 censuerunt,
1022 4656 1104 4706 nuper
1118 4641 1146 4689 iu
1160 4656 1207 4690 suo
1221 4639 1375 4704 Ὁμοιότητες
1390 4636 1481 4689 Sullas
1508 4677 1509 4681 ,

197 4714 278 4762 44444
293 4711 421 4776 inscripto
434 4711 522 4762 libello
537 4711 680 4777 (Erlangae,
698 4706 770 4776 4844)Ι
784 4709 824 4761 vir
836 4711 928 4761 doctus
939 4712 983 4762 Fr.
999 4710 1082 4775 Vogel
1095 4711 1200 4762 omnino
1214 4710 1325 4760 delenda
1336 4707 1477 4766 contendit,

185 4796 249 4849 'non
265 4781 322 4831 sine
335 4782 446 4845 quadam
460 4783 575 4832 veritatis
591 4779 685 4847 specie.
