<?xml version="1.0" encoding="UTF-8"?>
<!DOCTYPE html PUBLIC "-//W3C//DTD XHTML 1.0 Transitional//EN"
    "http://www.w3.org/TR/xhtml1/DTD/xhtml1-transitional.dtd">
<html xmlns="http://www.w3.org/1999/xhtml" xml:lang="en" lang="en">
 <head>
  <title>
</title>
<meta http-equiv="Content-Type" content="text/html;charset=utf-8" />
  <meta name='ocr-system' content='tesseract 3.04.00' />
  <meta name='ocr-capabilities' content='ocr_page ocr_carea ocr_par ocr_line ocrx_word'/>
</head>
<body>
  <div class='ocr_page' id='page_1' title='image "./desermonesallus00consgoog_0270.png"; bbox 0 0 3314 5526; ppageno 0'>
   <div class='ocr_carea' id='block_1_1' title="bbox 646 434 842 493">
    <p class='ocr_par' dir='ltr' id='par_1_1' title="bbox 646 434 842 493">
     <span class='ocr_line' id='line_1_1' title="bbox 646 434 842 493; baseline -0.005 0"><span class='ocrx_word' id='word_1_1' title='bbox 646 434 842 493; x_wconf 80' lang='grc'>-444-</span> 
     </span>
    </p>
   </div>
   <div class='ocr_carea' id='block_1_2' title="bbox 98 572 1384 2910">
    <p class='ocr_par' dir='ltr' id='par_1_2' title="bbox 99 572 1384 1714">
     <span class='ocr_line' id='line_1_2' title="bbox 101 572 1379 666; baseline 0.002 -24"><span class='ocrx_word' id='word_1_2' title='bbox 101 598 141 643; x_wconf 91' lang='lat' dir='ltr'><em>ca</em></span> <span class='ocrx_word' id='word_1_3' title='bbox 154 575 293 666; x_wconf 73' lang='lat' dir='ltr'><em>[ancilia</em></span> <span class='ocrx_word' id='word_1_4' title='bbox 307 586 431 655; x_wconf 84' lang='lat' dir='ltr'><em>artant,</em></span> <span class='ocrx_word' id='word_1_5' title='bbox 448 575 496 641; x_wconf 88' lang='lat' dir='ltr'><em>ita</em></span> <span class='ocrx_word' id='word_1_6' title='bbox 509 597 543 641; x_wconf 89' lang='lat' dir='ltr'><em>se</em></span> <span class='ocrx_word' id='word_1_7' title='bbox 558 573 601 640; x_wconf 86' lang='lat' dir='ltr'><em>ab</em></span> <span class='ocrx_word' id='word_1_8' title='bbox 620 572 844 641; x_wconf 77' lang='lat' dir='ltr'><em>adcelesceutia</em></span> <span class='ocrx_word' id='word_1_9' title='bbox 856 573 961 640; x_wconf 88' lang='lat' dir='ltr'><em>vitam</em></span> <span class='ocrx_word' id='word_1_10' title='bbox 977 573 1172 656; x_wconf 83' lang='lat' dir='ltr'><em>instituisse3</em></span> <span class='ocrx_word' id='word_1_11' title='bbox 1188 578 1256 643; x_wconf 81' lang='lat' dir='ltr'><em>Cat.</em></span> <span class='ocrx_word' id='word_1_12' title='bbox 1273 580 1329 656; x_wconf 75' lang='lat' dir='ltr'><em>ot,</em></span> <span class='ocrx_word' id='word_1_13' title='bbox 1345 579 1379 654; x_wconf 93' lang='grc'>9,</span> 
     </span>
     <span class='ocr_line' id='line_1_3' title="bbox 101 679 1384 775; baseline 0.002 -26"><span class='ocrx_word' id='word_1_14' title='bbox 101 704 175 772; x_wconf 74' lang='lat' dir='ltr'><em>qaia</em></span> <span class='ocrx_word' id='word_1_15' title='bbox 200 682 279 751; x_wconf 87' lang='lat' dir='ltr'><em>belli</em></span> <span class='ocrx_word' id='word_1_16' title='bbox 300 682 426 750; x_wconf 71' lang='lat' dir='ltr'><em>saeuitia</em></span> <span class='ocrx_word' id='word_1_17' title='bbox 445 694 542 762; x_wconf 90' lang='lat' dir='ltr'><em>esset,</em></span> <span class='ocrx_word' id='word_1_18' title='bbox 570 679 759 769; x_wconf 76' lang='lat' dir='ltr'><em>paracletis</em></span> <span class='ocrx_word' id='word_1_19' title='bbox 785 680 982 765; x_wconf 82' lang='lat' dir='ltr'><em>acciderent,</em></span> <span class='ocrx_word' id='word_1_20' title='bbox 1008 704 1243 750; x_wconf 74' lang='lat' dir='ltr'><em>enumeravero</em></span> <span class='ocrx_word' id='word_1_21' title='bbox 1270 709 1278 751; x_wconf 90' lang='lat'><strong>:</strong></span> <span class='ocrx_word' id='word_1_22' title='bbox 1305 686 1384 775; x_wconf 85' lang='lat' dir='ltr'><em>rapi</em></span> 
     </span>
     <span class='ocr_line' id='line_1_4' title="bbox 101 786 1382 880; baseline 0.002 -24"><span class='ocrx_word' id='word_1_23' title='bbox 101 789 259 879; x_wconf 67' lang='lat' dir='ltr'><em>viraines,</em></span> <span class='ocrx_word' id='word_1_24' title='bbox 277 812 410 880; x_wconf 80' lang='lat' dir='ltr'><em>peteras,</em></span> <span class='ocrx_word' id='word_1_25' title='bbox 431 787 545 855; x_wconf 82' lang='lat' dir='ltr'><em>diuelli</em></span> <span class='ocrx_word' id='word_1_26' title='bbox 562 786 680 855; x_wconf 86' lang='lat' dir='ltr'><em>liberos</em></span> <span class='ocrx_word' id='word_1_27' title='bbox 701 811 722 854; x_wconf 93' lang='lat' dir='ltr'><em>a</em></span> <span class='ocrx_word' id='word_1_28' title='bbox 735 800 916 877; x_wconf 78' lang='lat' dir='ltr'><em>parentum</em></span> <span class='ocrx_word' id='word_1_29' title='bbox 936 789 1123 879; x_wconf 82' lang='lat' dir='ltr'><em>cantpleau,</em></span> <span class='ocrx_word' id='word_1_30' title='bbox 1141 803 1264 857; x_wconf 88' lang='lat' dir='ltr'><em>matres</em></span> <span class='ocrx_word' id='word_1_31' title='bbox 1274 792 1382 880; x_wconf 81' lang='lat' dir='ltr'><em>sami·</em></span> 
     </span>
     <span class='ocr_line' id='line_1_5' title="bbox 102 894 1378 989; baseline 0.001 -25"><span class='ocrx_word' id='word_1_32' title='bbox 102 897 227 964; x_wconf 86' lang='lat' dir='ltr'><em>liarum</em></span> <span class='ocrx_word' id='word_1_33' title='bbox 244 896 320 987; x_wconf 86' lang='lat' dir='ltr'><em>pati</em></span> <span class='ocrx_word' id='word_1_34' title='bbox 337 918 410 985; x_wconf 77' lang='lat' dir='ltr'><em>qiam</em></span> <span class='ocrx_word' id='word_1_35' title='bbox 429 895 607 962; x_wconf 88' lang='lat' dir='ltr'><em>uictoribus</em></span> <span class='ocrx_word' id='word_1_36' title='bbox 626 894 858 976; x_wconf 87' lang='lat' dir='ltr'><em>collibuissent,</em></span> <span class='ocrx_word' id='word_1_37' title='bbox 878 897 966 984; x_wconf 80' lang='lat' dir='ltr'><em>sana</em></span> <span class='ocrx_word' id='word_1_38' title='bbox 980 908 1079 984; x_wconf 84' lang='lat' dir='ltr'><em>atque</em></span> <span class='ocrx_word' id='word_1_39' title='bbox 1098 895 1212 964; x_wconf 74' lang='lat' dir='ltr'><em>danos</em></span> <span class='ocrx_word' id='word_1_40' title='bbox 1225 898 1378 989; x_wconf 82' lang='lat' dir='ltr'><em>spoliari,</em></span> 
     </span>
     <span class='ocr_line' id='line_1_6' title="bbox 100 1000 1381 1094; baseline 0.001 -23"><span class='ocrx_word' id='word_1_41' title='bbox 100 1003 234 1085; x_wconf 80' lang='lat' dir='ltr'><em>cadent,</em></span> <span class='ocrx_word' id='word_1_42' title='bbox 261 1002 413 1070; x_wconf 81' lang='lat' dir='ltr'><em>incendia</em></span> <span class='ocrx_word' id='word_1_43' title='bbox 433 1003 521 1092; x_wconf 74' lang='lat' dir='ltr'><em>fleri,</em></span> <span class='ocrx_word' id='word_1_44' title='bbox 542 1014 713 1093; x_wconf 84' lang='lat' dir='ltr'><em>postremo</em></span> <span class='ocrx_word' id='word_1_45' title='bbox 737 1005 861 1078; x_wconf 85' lang='lat' dir='ltr'><em>armis,</em></span> <span class='ocrx_word' id='word_1_46' title='bbox 887 1000 1116 1086; x_wconf 82' lang='lat' dir='ltr'><em>cadaueribus,</em></span> <span class='ocrx_word' id='word_1_47' title='bbox 1139 1025 1256 1072; x_wconf 70' lang='lat' dir='ltr'><em>actare</em></span> <span class='ocrx_word' id='word_1_48' title='bbox 1281 1018 1381 1094; x_wconf 78' lang='lat' dir='ltr'><em>atqtte</em></span> 
     </span>
     <span class='ocr_line' id='line_1_7' title="bbox 101 1108 1378 1200; baseline 0.002 -22"><span class='ocrx_word' id='word_1_49' title='bbox 101 1112 192 1178; x_wconf 78' lang='lat' dir='ltr'><em>lacctu</em></span> <span class='ocrx_word' id='word_1_50' title='bbox 203 1110 316 1178; x_wconf 85' lang='lat' dir='ltr'><em>arania</em></span> <span class='ocrx_word' id='word_1_51' title='bbox 327 1108 486 1200; x_wconf 86' lang='lat' dir='ltr'><em>compleri</em></span> <span class='ocrx_word' id='word_1_52' title='bbox 495 1135 503 1190; x_wconf 94' lang='grc'><strong>;</strong></span> <span class='ocrx_word' id='word_1_53' title='bbox 522 1110 574 1194; x_wconf 90' lang='grc'>(44.</span> <span class='ocrx_word' id='word_1_54' title='bbox 592 1113 619 1177; x_wconf 88' lang='lat' dir='ltr'><em>J.</em></span> <span class='ocrx_word' id='word_1_55' title='bbox 635 1112 689 1189; x_wconf 85' lang='lat' dir='ltr'><em>ot,</em></span> <span class='ocrx_word' id='word_1_56' title='bbox 708 1111 744 1192; x_wconf 88' lang='lat' dir='ltr'><em>l;</em></span> <span class='ocrx_word' id='word_1_57' title='bbox 760 1112 813 1190; x_wconf 92' lang='grc'><em>44,</em></span> <span class='ocrx_word' id='word_1_58' title='bbox 833 1112 938 1195; x_wconf 87' lang='grc'>4444.)</span> <span class='ocrx_word' id='word_1_59' title='bbox 949 1133 957 1184; x_wconf 77' lang='lat' dir='ltr'><em>t</em></span> <span class='ocrx_word' id='word_1_60' title='bbox 969 1130 1096 1176; x_wconf 88' lang='lat' dir='ltr'><em>—cum</em></span> <span class='ocrx_word' id='word_1_61' title='bbox 1108 1113 1228 1179; x_wconf 83' lang='lat' dir='ltr'><em>verbis:</em></span> <span class='ocrx_word' id='word_1_62' title='bbox 1240 1114 1308 1179; x_wconf 83' lang='lat' dir='ltr'><em>Cat.</em></span> <span class='ocrx_word' id='word_1_63' title='bbox 1323 1114 1378 1191; x_wconf 97' lang='grc'>37,</span> 
     </span>
     <span class='ocr_line' id='line_1_8' title="bbox 101 1215 1380 1308; baseline -0.001 -22"><span class='ocrx_word' id='word_1_64' title='bbox 101 1220 138 1297; x_wconf 89' lang='grc'><em>3;</em></span> <span class='ocrx_word' id='word_1_65' title='bbox 168 1222 241 1305; x_wconf 82' lang='lat' dir='ltr'><em>ing.</em></span> <span class='ocrx_word' id='word_1_66' title='bbox 260 1220 315 1295; x_wconf 73' lang='grc'><em>44,</em></span> <span class='ocrx_word' id='word_1_67' title='bbox 336 1220 357 1286; x_wconf 75' lang='lat'><strong>2</strong></span> <span class='ocrx_word' id='word_1_68' title='bbox 382 1227 441 1285; x_wconf 88' lang='lat' dir='ltr'><em>elo.</em></span> <span class='ocrx_word' id='word_1_69' title='bbox 453 1243 462 1299; x_wconf 94' lang='lat'>;</span> <span class='ocrx_word' id='word_1_70' title='bbox 487 1218 582 1283; x_wconf 93' lang='lat' dir='ltr'><em>-in</em></span> <span class='ocrx_word' id='word_1_71' title='bbox 604 1218 825 1304; x_wconf 86' lang='lat' dir='ltr'><em>oppositione:</em></span> <span class='ocrx_word' id='word_1_72' title='bbox 847 1218 917 1284; x_wconf 85' lang='lat' dir='ltr'><em>Cat.</em></span> <span class='ocrx_word' id='word_1_73' title='bbox 940 1217 995 1296; x_wconf 96' lang='grc'><em>49,</em></span> <span class='ocrx_word' id='word_1_74' title='bbox 1012 1218 1044 1295; x_wconf 88' lang='grc'>3,</span> <span class='ocrx_word' id='word_1_75' title='bbox 1062 1215 1154 1306; x_wconf 82' lang='lat' dir='ltr'><em>quod</em></span> <span class='ocrx_word' id='word_1_76' title='bbox 1170 1218 1198 1285; x_wconf 89' lang='lat' dir='ltr'><em>is</em></span> <span class='ocrx_word' id='word_1_77' title='bbox 1216 1219 1380 1308; x_wconf 81' lang='lat' dir='ltr'><em>priuatim</em></span> 
     </span>
     <span class='ocr_line' id='line_1_9' title="bbox 99 1322 1380 1416; baseline 0.002 -24"><span class='ocrx_word' id='word_1_78' title='bbox 99 1325 234 1416; x_wconf 74' lang='lat' dir='ltr'><em>eprepia</em></span> <span class='ocrx_word' id='word_1_79' title='bbox 259 1322 470 1406; x_wconf 79' lang='lat' dir='ltr'><em>liberalitate,</em></span> <span class='ocrx_word' id='word_1_80' title='bbox 489 1323 627 1414; x_wconf 84' lang='lat' dir='ltr'><em>publice</em></span> <span class='ocrx_word' id='word_1_81' title='bbox 638 1324 806 1391; x_wconf 80' lang='lat' dir='ltr'><em>marcenis</em></span> <span class='ocrx_word' id='word_1_82' title='bbox 820 1323 1012 1391; x_wconf 80' lang='lat' dir='ltr'><em>muneribus</em></span> <span class='ocrx_word' id='word_1_83' title='bbox 1025 1323 1188 1413; x_wconf 78' lang='lat' dir='ltr'><em>prandem</em></span> <span class='ocrx_word' id='word_1_84' title='bbox 1198 1325 1380 1415; x_wconf 84' lang='lat' dir='ltr'><em>pecuniam</em></span> 
     </span>
     <span class='ocr_line' id='line_1_10' title="bbox 100 1430 1378 1523; baseline 0 -23"><span class='ocrx_word' id='word_1_85' title='bbox 100 1430 256 1515; x_wconf 82' lang='lat' dir='ltr'><em>debebat3</em></span> <span class='ocrx_word' id='word_1_86' title='bbox 278 1433 313 1500; x_wconf 79' lang='lat' dir='ltr'><em>(l.</em></span> <span class='ocrx_word' id='word_1_87' title='bbox 332 1433 387 1513; x_wconf 90' lang='grc'>39,</span> <span class='ocrx_word' id='word_1_88' title='bbox 411 1433 442 1513; x_wconf 93' lang='grc'><em>4,</em></span> <span class='ocrx_word' id='word_1_89' title='bbox 460 1430 568 1521; x_wconf 84' lang='lat' dir='ltr'><em>plebis</em></span> <span class='ocrx_word' id='word_1_90' title='bbox 580 1452 655 1520; x_wconf 82' lang='lat' dir='ltr'><em>opes</em></span> <span class='ocrx_word' id='word_1_91' title='bbox 675 1430 859 1513; x_wconf 79' lang='lat' dir='ltr'><em>iruainuta,</em></span> <span class='ocrx_word' id='word_1_92' title='bbox 880 1453 1068 1519; x_wconf 73' lang='lat' dir='ltr'><em>palaearum</em></span> <span class='ocrx_word' id='word_1_93' title='bbox 1085 1432 1238 1523; x_wconf 84' lang='lat' dir='ltr'><em>potentia</em></span> <span class='ocrx_word' id='word_1_94' title='bbox 1257 1433 1378 1512; x_wconf 89' lang='lat' dir='ltr'><em>creuit;</em></span> 
     </span>
     <span class='ocr_line' id='line_1_11' title="bbox 99 1539 1381 1628; baseline 0.001 -21"><span class='ocrx_word' id='word_1_95' title='bbox 99 1541 139 1608; x_wconf 90' lang='lat' dir='ltr'><em>cl.</em></span> <span class='ocrx_word' id='word_1_96' title='bbox 153 1542 182 1606; x_wconf 88' lang='lat' dir='ltr'><em>J.</em></span> <span class='ocrx_word' id='word_1_97' title='bbox 196 1541 251 1618; x_wconf 92' lang='grc'><em>34,</em></span> <span class='ocrx_word' id='word_1_98' title='bbox 265 1540 307 1606; x_wconf 77' lang='grc'><em>45</em></span> <span class='ocrx_word' id='word_1_99' title='bbox 317 1549 390 1606; x_wconf 89' lang='lat' dir='ltr'><em>etc..</em></span> <span class='ocrx_word' id='word_1_100' title='bbox 404 1540 504 1620; x_wconf 81' lang='lat' dir='ltr'><em>Quem</em></span> <span class='ocrx_word' id='word_1_101' title='bbox 515 1539 665 1625; x_wconf 83' lang='lat' dir='ltr'><em>loquendi</em></span> <span class='ocrx_word' id='word_1_102' title='bbox 680 1558 771 1605; x_wconf 88' lang='lat' dir='ltr'><em>usum</em></span> <span class='ocrx_word' id='word_1_103' title='bbox 782 1540 940 1625; x_wconf 77' lang='lat' dir='ltr'><em>praecipuo</em></span> <span class='ocrx_word' id='word_1_104' title='bbox 952 1539 992 1605; x_wconf 90' lang='lat' dir='ltr'><em>ad</em></span> <span class='ocrx_word' id='word_1_105' title='bbox 1005 1541 1134 1607; x_wconf 89' lang='lat' dir='ltr'><em>Catonis</em></span> <span class='ocrx_word' id='word_1_106' title='bbox 1145 1539 1270 1607; x_wconf 88' lang='lat' dir='ltr'><em>dicendi</em></span> <span class='ocrx_word' id='word_1_107' title='bbox 1281 1561 1381 1628; x_wconf 85' lang='lat' dir='ltr'><em>genus</em></span> 
     </span>
     <span class='ocr_line' id='line_1_12' title="bbox 100 1647 679 1714; baseline -0.003 -1"><span class='ocrx_word' id='word_1_108' title='bbox 100 1647 304 1714; x_wconf 81' lang='lat' dir='ltr'><em>referendum</em></span> <span class='ocrx_word' id='word_1_109' title='bbox 321 1647 679 1714; x_wconf 85' lang='lat' dir='ltr'><em>censctBrncnnertius.</em></span> 
     </span>
    </p>

    <p class='ocr_par' dir='ltr' id='par_1_3' title="bbox 98 1746 1378 2056">
     <span class='ocr_line' id='line_1_13' title="bbox 144 1746 1378 1842; baseline 0.005 -23"><span class='ocrx_word' id='word_1_110' title='bbox 144 1755 382 1841; x_wconf 81' lang='lat' dir='ltr'><strong>Nonnunquam</strong></span> <span class='ocrx_word' id='word_1_111' title='bbox 399 1746 487 1833; x_wconf 79' lang='lat' dir='ltr'><em>iero,</em></span> <span class='ocrx_word' id='word_1_112' title='bbox 512 1756 537 1819; x_wconf 92' lang='lat' dir='ltr'><em>si</em></span> <span class='ocrx_word' id='word_1_113' title='bbox 560 1773 610 1819; x_wconf 86' lang='lat' dir='ltr'><em>res</em></span> <span class='ocrx_word' id='word_1_114' title='bbox 634 1754 785 1839; x_wconf 82' lang='lat' dir='ltr'><em>postulet,</em></span> <span class='ocrx_word' id='word_1_115' title='bbox 812 1751 1023 1842; x_wconf 75' lang='lat' dir='ltr'><em>anaphoram</em></span> <span class='ocrx_word' id='word_1_116' title='bbox 1042 1753 1171 1820; x_wconf 79' lang='lat' dir='ltr'><em>adhibet</em></span> <span class='ocrx_word' id='word_1_117' title='bbox 1190 1755 1378 1825; x_wconf 80' lang='lat' dir='ltr'><strong>Sallustius.</strong></span> 
     </span>
     <span class='ocr_line' id='line_1_14' title="bbox 100 1857 1378 1949; baseline 0.002 -24"><span class='ocrx_word' id='word_1_118' title='bbox 100 1862 189 1926; x_wconf 86' lang='lat' dir='ltr'><em>velut</em></span> <span class='ocrx_word' id='word_1_119' title='bbox 204 1861 272 1927; x_wconf 89' lang='lat' dir='ltr'><em>Cat.</em></span> <span class='ocrx_word' id='word_1_120' title='bbox 295 1861 350 1941; x_wconf 77' lang='grc'><em>54,</em></span> <span class='ocrx_word' id='word_1_121' title='bbox 368 1860 422 1937; x_wconf 88' lang='grc'>33,</span> <span class='ocrx_word' id='word_1_122' title='bbox 448 1881 562 1925; x_wconf 82' lang='grc'>444444</span> <span class='ocrx_word' id='word_1_123' title='bbox 572 1858 706 1949; x_wconf 84' lang='lat' dir='ltr'><em>parcite</em></span> <span class='ocrx_word' id='word_1_124' title='bbox 723 1857 883 1948; x_wconf 81' lang='lat' dir='ltr'><em>clipnitati</em></span> <span class='ocrx_word' id='word_1_125' title='bbox 900 1859 1042 1940; x_wconf 76' lang='lat' dir='ltr'><em>Lentuli,</em></span> <span class='ocrx_word' id='word_1_126' title='bbox 1063 1861 1093 1926; x_wconf 90' lang='lat' dir='ltr'><em>si</em></span> <span class='ocrx_word' id='word_1_127' title='bbox 1112 1860 1179 1949; x_wconf 82' lang='lat' dir='ltr'><em>ipse</em></span> <span class='ocrx_word' id='word_1_128' title='bbox 1195 1859 1378 1949; x_wconf 78' lang='lat' dir='ltr'><em>pudicitia,</em></span> 
     </span>
     <span class='ocr_line' id='line_1_15' title="bbox 98 1964 1177 2056; baseline 0 -23"><span class='ocrx_word' id='word_1_129' title='bbox 98 1967 131 2033; x_wconf 91' lang='lat' dir='ltr'><em>si</em></span> <span class='ocrx_word' id='word_1_130' title='bbox 140 1968 246 2056; x_wconf 79' lang='lat' dir='ltr'><em>famae</em></span> <span class='ocrx_word' id='word_1_131' title='bbox 258 1988 338 2047; x_wconf 77' lang='lat' dir='ltr'><em>sua,</em></span> <span class='ocrx_word' id='word_1_132' title='bbox 359 1967 390 2034; x_wconf 88' lang='lat' dir='ltr'><em>si</em></span> <span class='ocrx_word' id='word_1_133' title='bbox 403 1964 453 2034; x_wconf 76' lang='grc'>4444</span> <span class='ocrx_word' id='word_1_134' title='bbox 472 1978 533 2032; x_wconf 91' lang='lat' dir='ltr'><em>aut</em></span> <span class='ocrx_word' id='word_1_135' title='bbox 546 1965 737 2032; x_wconf 77' lang='lat' dir='ltr'><em>inminibus</em></span> <span class='ocrx_word' id='word_1_136' title='bbox 751 1986 912 2054; x_wconf 79' lang='lat' dir='ltr'><em>tamquam</em></span> <span class='ocrx_word' id='word_1_137' title='bbox 926 1966 1003 2032; x_wconf 87' lang='lat' dir='ltr'><em>ullis</em></span> <span class='ocrx_word' id='word_1_138' title='bbox 1016 1968 1177 2056; x_wconf 77' lang='lat' dir='ltr'><em>pepercit.</em></span> 
     </span>
    </p>

    <p class='ocr_par' dir='ltr' id='par_1_4' title="bbox 99 2073 1381 2910">
     <span class='ocr_line' id='line_1_16' title="bbox 144 2073 1380 2165; baseline 0 -24"><span class='ocrx_word' id='word_1_139' title='bbox 144 2076 223 2141; x_wconf 89' lang='lat' dir='ltr'><em>item</em></span> <span class='ocrx_word' id='word_1_140' title='bbox 237 2094 436 2165; x_wconf 66' lang='grc'>4444444444,</span> <span class='ocrx_word' id='word_1_141' title='bbox 457 2075 483 2139; x_wconf 83' lang='grc'><em>44</em></span> <span class='ocrx_word' id='word_1_142' title='bbox 507 2093 633 2141; x_wconf 87' lang='lat' dir='ltr'><em>necesse</em></span> <span class='ocrx_word' id='word_1_143' title='bbox 653 2073 705 2153; x_wconf 93' lang='lat' dir='ltr'><em>sit,</em></span> <span class='ocrx_word' id='word_1_144' title='bbox 725 2074 886 2141; x_wconf 86' lang='lat' dir='ltr'><em>interdum</em></span> <span class='ocrx_word' id='word_1_145' title='bbox 907 2074 1048 2155; x_wconf 80' lang='lat' dir='ltr'><em>adhibet,</em></span> <span class='ocrx_word' id='word_1_146' title='bbox 1065 2085 1101 2140; x_wconf 90' lang='lat' dir='ltr'><em>ut</em></span> <span class='ocrx_word' id='word_1_147' title='bbox 1116 2076 1185 2141; x_wconf 85' lang='lat' dir='ltr'><em>Cat.</em></span> <span class='ocrx_word' id='word_1_148' title='bbox 1209 2077 1241 2153; x_wconf 90' lang='grc'><em>4,</em></span> <span class='ocrx_word' id='word_1_149' title='bbox 1262 2076 1292 2152; x_wconf 92' lang='grc'><em>4,</em></span> <span class='ocrx_word' id='word_1_150' title='bbox 1314 2097 1380 2141; x_wconf 84' lang='lat' dir='ltr'><em>nara</em></span> 
     </span>
     <span class='ocr_line' id='line_1_17' title="bbox 99 2179 1377 2269; baseline 0.002 -22"><span class='ocrx_word' id='word_1_151' title='bbox 99 2181 168 2268; x_wconf 75' lang='lat' dir='ltr'><em>suit</em></span> <span class='ocrx_word' id='word_1_152' title='bbox 180 2180 355 2247; x_wconf 86' lang='lat' dir='ltr'><em>consiliunt</em></span> <span class='ocrx_word' id='word_1_153' title='bbox 376 2179 528 2249; x_wconf 85' lang='lat' dir='ltr'><em>socordia</em></span> <span class='ocrx_word' id='word_1_154' title='bbox 551 2191 652 2269; x_wconf 71' lang='lat' dir='ltr'><em>atqcue</em></span> <span class='ocrx_word' id='word_1_155' title='bbox 666 2179 793 2247; x_wconf 80' lang='lat' dir='ltr'><em>desidia</em></span> <span class='ocrx_word' id='word_1_156' title='bbox 814 2179 936 2246; x_wconf 82' lang='lat' dir='ltr'><em>lartum</em></span> <span class='ocrx_word' id='word_1_157' title='bbox 952 2179 1057 2247; x_wconf 84' lang='lat' dir='ltr'><em>etiarm</em></span> <span class='ocrx_word' id='word_1_158' title='bbox 1071 2193 1254 2260; x_wconf 83' lang='lat' dir='ltr'><em>coratererc;</em></span> <span class='ocrx_word' id='word_1_159' title='bbox 1272 2184 1327 2261; x_wconf 93' lang='grc'><em>44,</em></span> <span class='ocrx_word' id='word_1_160' title='bbox 1344 2185 1377 2262; x_wconf 78' lang='lat'><em>2,</em></span> 
     </span>
     <span class='ocr_line' id='line_1_18' title="bbox 100 2285 1380 2377; baseline 0.002 -24"><span class='ocrx_word' id='word_1_161' title='bbox 100 2286 186 2354; x_wconf 83' lang='lat' dir='ltr'><em>dolis</em></span> <span class='ocrx_word' id='word_1_162' title='bbox 200 2300 299 2375; x_wconf 84' lang='lat' dir='ltr'><em>atque</em></span> <span class='ocrx_word' id='word_1_163' title='bbox 311 2286 476 2377; x_wconf 77' lang='lat' dir='ltr'><em>sallacc&#39;is3</em></span> <span class='ocrx_word' id='word_1_164' title='bbox 492 2288 547 2368; x_wconf 93' lang='grc'><em>48,</em></span> <span class='ocrx_word' id='word_1_165' title='bbox 561 2290 592 2367; x_wconf 87' lang='grc'><em>4,</em></span> <span class='ocrx_word' id='word_1_166' title='bbox 608 2285 880 2376; x_wconf 83' lang='lat' dir='ltr'><em>paudiumatque</em></span> <span class='ocrx_word' id='word_1_167' title='bbox 898 2285 1061 2368; x_wconf 74' lang='lat' dir='ltr'><em>laetitiam,</em></span> <span class='ocrx_word' id='word_1_168' title='bbox 1078 2299 1153 2369; x_wconf 81' lang='lat' dir='ltr'><em>etc,</em></span> <span class='ocrx_word' id='word_1_169' title='bbox 1172 2289 1202 2355; x_wconf 88' lang='lat' dir='ltr'><em>id</em></span> <span class='ocrx_word' id='word_1_170' title='bbox 1219 2291 1303 2377; x_wconf 78' lang='lat' dir='ltr'><em>quoii</em></span> <span class='ocrx_word' id='word_1_171' title='bbox 1322 2291 1380 2357; x_wconf 88' lang='lat' dir='ltr'><em>ior·</em></span> 
     </span>
     <span class='ocr_line' id='line_1_19' title="bbox 100 2394 1381 2491; baseline 0.001 -29"><span class='ocrx_word' id='word_1_172' title='bbox 100 2405 184 2462; x_wconf 88' lang='lat' dir='ltr'><em>tasse</em></span> <span class='ocrx_word' id='word_1_173' title='bbox 214 2395 398 2481; x_wconf 83' lang='lat' dir='ltr'><em>opinionem</em></span> <span class='ocrx_word' id='word_1_174' title='bbox 425 2395 578 2481; x_wconf 81' lang='lat' dir='ltr'><em>Scaligeri</em></span> <span class='ocrx_word' id='word_1_175' title='bbox 614 2394 652 2462; x_wconf 89' lang='lat' dir='ltr'><em>de</em></span> <span class='ocrx_word' id='word_1_176' title='bbox 677 2394 758 2460; x_wconf 88' lang='lat' dir='ltr'><em>salsa</em></span> <span class='ocrx_word' id='word_1_177' title='bbox 778 2394 932 2491; x_wconf 79' lang='grc'>4444444444</span> <span class='ocrx_word' id='word_1_178' title='bbox 958 2396 1158 2461; x_wconf 81' lang='lat' dir='ltr'><em>Sallustiana</em></span> <span class='ocrx_word' id='word_1_179' title='bbox 1183 2398 1299 2475; x_wconf 84' lang='lat' dir='ltr'><em>movit3</em></span> <span class='ocrx_word' id='word_1_180' title='bbox 1326 2397 1381 2463; x_wconf 86' lang='lat' dir='ltr'><em>sed</em></span> 
     </span>
     <span class='ocr_line' id='line_1_20' title="bbox 100 2500 1379 2593; baseline 0.002 -26"><span class='ocrx_word' id='word_1_181' title='bbox 100 2500 276 2568; x_wconf 86' lang='lat' dir='ltr'><em>cavendum</em></span> <span class='ocrx_word' id='word_1_182' title='bbox 295 2513 394 2569; x_wconf 89' lang='lat' dir='ltr'><em>estne</em></span> <span class='ocrx_word' id='word_1_183' title='bbox 410 2501 493 2568; x_wconf 89' lang='lat' dir='ltr'><em>idem</em></span> <span class='ocrx_word' id='word_1_184' title='bbox 508 2501 640 2569; x_wconf 90' lang='lat' dir='ltr'><em>omnino</em></span> <span class='ocrx_word' id='word_1_185' title='bbox 659 2501 766 2568; x_wconf 86' lang='lat' dir='ltr'><em>valere</em></span> <span class='ocrx_word' id='word_1_186' title='bbox 785 2501 851 2593; x_wconf 84' lang='lat' dir='ltr'><em>haec</em></span> <span class='ocrx_word' id='word_1_187' title='bbox 879 2501 1078 2568; x_wconf 84' lang='lat' dir='ltr'><em>substantiva</em></span> <span class='ocrx_word' id='word_1_188' title='bbox 1108 2512 1281 2588; x_wconf 89' lang='lat' dir='ltr'><em>putemus:</em></span> <span class='ocrx_word' id='word_1_189' title='bbox 1304 2524 1379 2570; x_wconf 92' lang='lat' dir='ltr'><em>nam</em></span> 
     </span>
     <span class='ocr_line' id='line_1_21' title="bbox 101 2608 1380 2697; baseline 0.001 -22"><span class='ocrx_word' id='word_1_190' title='bbox 101 2610 222 2695; x_wconf 89' lang='lat' dir='ltr'><em>ubique</em></span> <span class='ocrx_word' id='word_1_191' title='bbox 234 2619 290 2674; x_wconf 88' lang='lat' dir='ltr'><em>aot</em></span> <span class='ocrx_word' id='word_1_192' title='bbox 304 2609 534 2675; x_wconf 89' lang='lat' dir='ltr'><em>sententiarum</em></span> <span class='ocrx_word' id='word_1_193' title='bbox 549 2608 694 2694; x_wconf 82' lang='lat' dir='ltr'><em>gradatio</em></span> <span class='ocrx_word' id='word_1_194' title='bbox 705 2608 851 2674; x_wconf 87' lang='lat' dir='ltr'><em>inverbis</em></span> <span class='ocrx_word' id='word_1_195' title='bbox 865 2609 1065 2684; x_wconf 84' lang='lat' dir='ltr'><em>observatur,</em></span> <span class='ocrx_word' id='word_1_196' title='bbox 1077 2611 1253 2676; x_wconf 90' lang='lat' dir='ltr'><em>autsaltom</em></span> <span class='ocrx_word' id='word_1_197' title='bbox 1269 2611 1380 2697; x_wconf 89' lang='lat' dir='ltr'><em>aliquo</em></span> 
     </span>
     <span class='ocr_line' id='line_1_22' title="bbox 101 2714 1380 2803; baseline -0.001 -20"><span class='ocrx_word' id='word_1_198' title='bbox 101 2715 285 2783; x_wconf 75' lang='lat' dir='ltr'><em>differentia</em></span> <span class='ocrx_word' id='word_1_199' title='bbox 312 2716 416 2782; x_wconf 90' lang='lat' dir='ltr'><em>notari</em></span> <span class='ocrx_word' id='word_1_200' title='bbox 450 2726 563 2802; x_wconf 88' lang='lat' dir='ltr'><em>potest,</em></span> <span class='ocrx_word' id='word_1_201' title='bbox 593 2716 638 2782; x_wconf 86' lang='lat' dir='ltr'><em>ila</em></span> <span class='ocrx_word' id='word_1_202' title='bbox 658 2725 693 2782; x_wconf 89' lang='lat' dir='ltr'><em>ut</em></span> <span class='ocrx_word' id='word_1_203' title='bbox 717 2734 780 2781; x_wconf 93' lang='lat' dir='ltr'><em>non</em></span> <span class='ocrx_word' id='word_1_204' title='bbox 809 2736 885 2782; x_wconf 87' lang='lat' dir='ltr'><em>vera</em></span> <span class='ocrx_word' id='word_1_205' title='bbox 907 2734 1082 2803; x_wconf 78' lang='lat' dir='ltr'><em>syrionyma</em></span> <span class='ocrx_word' id='word_1_206' title='bbox 1108 2714 1184 2796; x_wconf 91' lang='lat' dir='ltr'><em>sint,</em></span> <span class='ocrx_word' id='word_1_207' title='bbox 1206 2717 1260 2783; x_wconf 87' lang='lat' dir='ltr'><em>sed</em></span> <span class='ocrx_word' id='word_1_208' title='bbox 1283 2719 1380 2784; x_wconf 82' lang='lat' dir='ltr'><em>varim</em></span> 
     </span>
     <span class='ocr_line' id='line_1_23' title="bbox 101 2822 930 2910; baseline -0.001 -21"><span class='ocrx_word' id='word_1_209' title='bbox 101 2823 244 2910; x_wconf 86' lang='lat' dir='ltr'><em>ejusdem</em></span> <span class='ocrx_word' id='word_1_210' title='bbox 257 2833 358 2890; x_wconf 89' lang='lat' dir='ltr'><em>status</em></span> <span class='ocrx_word' id='word_1_211' title='bbox 370 2825 419 2890; x_wconf 90' lang='lat' dir='ltr'><em>vel</em></span> <span class='ocrx_word' id='word_1_212' title='bbox 436 2823 569 2890; x_wconf 88' lang='lat' dir='ltr'><em>actionis</em></span> <span class='ocrx_word' id='word_1_213' title='bbox 583 2823 680 2889; x_wconf 82' lang='grc'>444444</span> <span class='ocrx_word' id='word_1_214' title='bbox 698 2822 930 2909; x_wconf 85' lang='lat' dir='ltr'><em>significentur.</em></span> 
     </span>
    </p>
   </div>
   <div class='ocr_carea' id='block_1_3' title="bbox 100 2983 1382 3395">
    <p class='ocr_par' dir='ltr' id='par_1_5' title="bbox 100 2983 1382 3395">
     <span class='ocr_line' id='line_1_24' title="bbox 145 2983 1378 3072; baseline 0.002 -23"><span class='ocrx_word' id='word_1_215' title='bbox 145 2984 181 3049; x_wconf 93' lang='lat' dir='ltr'><em>B.</em></span> <span class='ocrx_word' id='word_1_216' title='bbox 199 2986 407 3071; x_wconf 72' lang='lat' dir='ltr'><em>-Zcuqma</em></span> <span class='ocrx_word' id='word_1_217' title='bbox 428 2983 546 3070; x_wconf 77' lang='lat' dir='ltr'><em>sapius</em></span> <span class='ocrx_word' id='word_1_218' title='bbox 566 2984 740 3064; x_wconf 80' lang='lat' dir='ltr'><em>invonitur,</em></span> <span class='ocrx_word' id='word_1_219' title='bbox 765 2983 857 3072; x_wconf 84' lang='lat' dir='ltr'><em>cujus</em></span> <span class='ocrx_word' id='word_1_220' title='bbox 880 2983 1124 3051; x_wconf 82' lang='lat' dir='ltr'><em>constructionis</em></span> <span class='ocrx_word' id='word_1_221' title='bbox 1145 2984 1210 3050; x_wconf 83' lang='grc'>44444</span> <span class='ocrx_word' id='word_1_222' title='bbox 1234 2986 1378 3072; x_wconf 82' lang='lat' dir='ltr'><em>exempla</em></span> 
     </span>
     <span class='ocr_line' id='line_1_25' title="bbox 101 3089 1382 3181; baseline 0.001 -25"><span class='ocrx_word' id='word_1_223' title='bbox 101 3090 233 3157; x_wconf 86' lang='lat' dir='ltr'><em>laudaro</em></span> <span class='ocrx_word' id='word_1_224' title='bbox 253 3091 331 3156; x_wconf 90' lang='lat' dir='ltr'><em>satis</em></span> <span class='ocrx_word' id='word_1_225' title='bbox 345 3091 406 3156; x_wconf 91' lang='lat' dir='ltr'><em>erit</em></span> <span class='ocrx_word' id='word_1_226' title='bbox 427 3091 521 3177; x_wconf 68' lang='grc'>4444.</span> <span class='ocrx_word' id='word_1_227' title='bbox 541 3092 594 3168; x_wconf 88' lang='grc'><em>44,</em></span> <span class='ocrx_word' id='word_1_228' title='bbox 613 3092 644 3169; x_wconf 91' lang='grc'>4,</span> <span class='ocrx_word' id='word_1_229' title='bbox 662 3089 837 3178; x_wconf 82' lang='lat' dir='ltr'><em>quibus-</em></span> <span class='ocrx_word' id='word_1_230' title='bbox 858 3112 956 3178; x_wconf 77' lang='lat' dir='ltr'><em>caper</em></span> <span class='ocrx_word' id='word_1_231' title='bbox 964 3090 1064 3181; x_wconf 79' lang='lat' dir='ltr'><em>prius</em></span> <span class='ocrx_word' id='word_1_232' title='bbox 1080 3091 1283 3179; x_wconf 86' lang='lat' dir='ltr'><em>oneriquam</em></span> <span class='ocrx_word' id='word_1_233' title='bbox 1303 3091 1382 3157; x_wconf 81' lang='lat' dir='ltr'><em>risui</em></span> 
     </span>
     <span class='ocr_line' id='line_1_26' title="bbox 100 3196 1380 3287; baseline 0.001 -25"><span class='ocrx_word' id='word_1_234' title='bbox 100 3217 178 3277; x_wconf 88' lang='lat' dir='ltr'><em>csse,</em></span> <span class='ocrx_word' id='word_1_235' title='bbox 197 3196 251 3263; x_wconf 91' lang='lat' dir='ltr'><em>ubi</em></span> <span class='ocrx_word' id='word_1_236' title='bbox 276 3217 375 3285; x_wconf 72' lang='lat' dir='ltr'><em>caper</em></span> <span class='ocrx_word' id='word_1_237' title='bbox 396 3216 460 3264; x_wconf 91' lang='lat' dir='ltr'><em>non</em></span> <span class='ocrx_word' id='word_1_238' title='bbox 486 3197 647 3284; x_wconf 80' lang='lat' dir='ltr'><em>potestati</em></span> <span class='ocrx_word' id='word_1_239' title='bbox 671 3217 787 3265; x_wconf 85' lang='lat' dir='ltr'><em>nomen</em></span> <span class='ocrx_word' id='word_1_240' title='bbox 807 3196 886 3263; x_wconf 90' lang='lat' dir='ltr'><em>usui</em></span> <span class='ocrx_word' id='word_1_241' title='bbox 909 3198 1034 3274; x_wconf 81' lang='lat' dir='ltr'><em>referri,</em></span> <span class='ocrx_word' id='word_1_242' title='bbox 1065 3218 1128 3283; x_wconf 90' lang='lat' dir='ltr'><em>qno</em></span> <span class='ocrx_word' id='word_1_243' title='bbox 1159 3198 1264 3285; x_wconf 86' lang='lat' dir='ltr'><em>potius</em></span> <span class='ocrx_word' id='word_1_244' title='bbox 1282 3219 1380 3287; x_wconf 86' lang='lat' dir='ltr'><em>posse</em></span> 
     </span>
     <span class='ocr_line' id='line_1_27' title="bbox 100 3303 1380 3395; baseline 0.002 -26"><span class='ocrx_word' id='word_1_245' title='bbox 100 3305 233 3387; x_wconf 72' lang='lat' dir='ltr'><em>neritum</em></span> <span class='ocrx_word' id='word_1_246' title='bbox 248 3303 440 3391; x_wconf 83' lang='lat' dir='ltr'><em>cogitatione</em></span> <span class='ocrx_word' id='word_1_247' title='bbox 452 3305 654 3373; x_wconf 75' lang='lat' dir='ltr'><em>referendam</em></span> <span class='ocrx_word' id='word_1_248' title='bbox 673 3315 720 3372; x_wconf 89' lang='lat' dir='ltr'><em>est</em></span> <span class='ocrx_word' id='word_1_249' title='bbox 743 3305 918 3393; x_wconf 87' lang='lat' dir='ltr'><em>(Kritz);l.</em></span> <span class='ocrx_word' id='word_1_250' title='bbox 939 3307 992 3384; x_wconf 90' lang='grc'><em>44,</em></span> <span class='ocrx_word' id='word_1_251' title='bbox 1010 3307 1045 3385; x_wconf 87' lang='grc'>9,</span> <span class='ocrx_word' id='word_1_252' title='bbox 1062 3326 1234 3395; x_wconf 74' lang='lat' dir='ltr'><em>semperne</em></span> <span class='ocrx_word' id='word_1_253' title='bbox 1253 3304 1288 3371; x_wconf 84' lang='lat' dir='ltr'><em>irc</em></span> <span class='ocrx_word' id='word_1_254' title='bbox 1302 3326 1380 3371; x_wconf 83' lang='lat' dir='ltr'><em>sare·</em></span> 
     </span>
    </p>
   </div>
   <div class='ocr_carea' id='block_1_4' title="bbox 99 3409 1377 3603">
    <p class='ocr_par' dir='ltr' id='par_1_6' title="bbox 99 3409 1377 3603">
     <span class='ocr_line' id='line_1_28' title="bbox 99 3409 1377 3502; baseline 0.001 -26"><span class='ocrx_word' id='word_1_255' title='bbox 99 3411 213 3498; x_wconf 82' lang='lat' dir='ltr'><em>paine,</em></span> <span class='ocrx_word' id='word_1_256' title='bbox 226 3409 332 3498; x_wconf 86' lang='lat' dir='ltr'><em>serra,</em></span> <span class='ocrx_word' id='word_1_257' title='bbox 352 3410 440 3500; x_wconf 75' lang='lat' dir='ltr'><em>sapa</em></span> <span class='ocrx_word' id='word_1_258' title='bbox 459 3410 648 3479; x_wconf 86' lang='lat' dir='ltr'><em>versabitur</em></span> <span class='ocrx_word' id='word_1_259' title='bbox 667 3412 713 3495; x_wconf 86' lang='lat' dir='ltr'><em>(id</em></span> <span class='ocrx_word' id='word_1_260' title='bbox 733 3423 780 3479; x_wconf 91' lang='lat' dir='ltr'><em>cst</em></span> <span class='ocrx_word' id='word_1_261' title='bbox 794 3412 887 3502; x_wconf 73' lang='lat' dir='ltr'><em>serra</em></span> <span class='ocrx_word' id='word_1_262' title='bbox 907 3423 1041 3478; x_wconf 84' lang='lat' dir='ltr'><em>armata</em></span> <span class='ocrx_word' id='word_1_263' title='bbox 1056 3411 1130 3497; x_wconf 87' lang='lat' dir='ltr'><em>erit)</em></span> <span class='ocrx_word' id='word_1_264' title='bbox 1141 3435 1150 3492; x_wconf 90' lang='lat'>;</span> <span class='ocrx_word' id='word_1_265' title='bbox 1180 3412 1220 3478; x_wconf 88' lang='grc'><em>44.</em></span> <span class='ocrx_word' id='word_1_266' title='bbox 1241 3412 1268 3478; x_wconf 86' lang='grc'><em>4.</em></span> <span class='ocrx_word' id='word_1_267' title='bbox 1287 3412 1320 3491; x_wconf 87' lang='grc'>3,</span> <span class='ocrx_word' id='word_1_268' title='bbox 1340 3412 1377 3490; x_wconf 89' lang='grc'><em>4;</em></span> 
     </span>
     <span class='ocr_line' id='line_1_29' title="bbox 101 3517 1086 3603; baseline 0.003 -21"><span class='ocrx_word' id='word_1_269' title='bbox 101 3518 156 3597; x_wconf 91' lang='grc'><em>44,</em></span> <span class='ocrx_word' id='word_1_270' title='bbox 182 3517 241 3599; x_wconf 71' lang='grc'>443;</span> <span class='ocrx_word' id='word_1_271' title='bbox 259 3517 313 3599; x_wconf 87' lang='grc'>38,</span> <span class='ocrx_word' id='word_1_272' title='bbox 336 3519 373 3597; x_wconf 91' lang='grc'><em>9;</em></span> <span class='ocrx_word' id='word_1_273' title='bbox 395 3520 450 3600; x_wconf 77' lang='lat' dir='ltr'><em>ta,</em></span> <span class='ocrx_word' id='word_1_274' title='bbox 471 3521 507 3602; x_wconf 79' lang='lat' dir='ltr'><em>lr3</em></span> <span class='ocrx_word' id='word_1_275' title='bbox 524 3521 581 3599; x_wconf 82' lang='lat'><em>85,</em></span> <span class='ocrx_word' id='word_1_276' title='bbox 602 3520 664 3603; x_wconf 67' lang='lat'><em>‘285</em></span> <span class='ocrx_word' id='word_1_277' title='bbox 681 3520 749 3586; x_wconf 88' lang='lat' dir='ltr'><em>Cat.</em></span> <span class='ocrx_word' id='word_1_278' title='bbox 770 3520 875 3600; x_wconf 75' lang='lat' dir='ltr'><em>tt‚2;</em></span> <span class='ocrx_word' id='word_1_279' title='bbox 893 3521 949 3601; x_wconf 83' lang='grc'><em>54,</em></span> <span class='ocrx_word' id='word_1_280' title='bbox 966 3520 998 3602; x_wconf 88' lang='grc'>7,</span> <span class='ocrx_word' id='word_1_281' title='bbox 1014 3529 1086 3585; x_wconf 91' lang='lat' dir='ltr'><em>etc..</em></span> 
     </span>
    </p>
   </div>
   <div class='ocr_carea' id='block_1_5' title="bbox 97 3685 1378 4848">
    <p class='ocr_par' dir='ltr' id='par_1_7' title="bbox 99 3685 1377 4095">
     <span class='ocr_line' id='line_1_30' title="bbox 144 3685 1377 3778; baseline 0.003 -25"><span class='ocrx_word' id='word_1_282' title='bbox 144 3687 179 3753; x_wconf 85' lang='lat' dir='ltr'><em>C.</em></span> <span class='ocrx_word' id='word_1_283' title='bbox 196 3723 241 3736; x_wconf 92' lang='lat'>-</span> <span class='ocrx_word' id='word_1_284' title='bbox 259 3685 397 3776; x_wconf 79' lang='lat' dir='ltr'><em>Elle‘psis</em></span> <span class='ocrx_word' id='word_1_285' title='bbox 413 3710 489 3756; x_wconf 89' lang='lat' dir='ltr'><em>usus</em></span> <span class='ocrx_word' id='word_1_286' title='bbox 511 3709 608 3776; x_wconf 89' lang='lat' dir='ltr'><em>qnam</em></span> <span class='ocrx_word' id='word_1_287' title='bbox 628 3690 691 3757; x_wconf 84' lang='lat' dir='ltr'><em>lale</em></span> <span class='ocrx_word' id='word_1_288' title='bbox 707 3700 815 3778; x_wconf 87' lang='lat' dir='ltr'><em>pateat</em></span> <span class='ocrx_word' id='word_1_289' title='bbox 834 3689 920 3776; x_wconf 87' lang='lat' dir='ltr'><em>apud</em></span> <span class='ocrx_word' id='word_1_290' title='bbox 937 3690 1129 3757; x_wconf 79' lang='lat' dir='ltr'><em>Sallustium</em></span> <span class='ocrx_word' id='word_1_291' title='bbox 1144 3690 1184 3756; x_wconf 92' lang='lat' dir='ltr'><em>ad</em></span> <span class='ocrx_word' id='word_1_292' title='bbox 1200 3688 1377 3776; x_wconf 83' lang='lat' dir='ltr'><em>aagendam</em></span> 
     </span>
     <span class='ocr_line' id='line_1_31' title="bbox 100 3786 1377 3885; baseline 0.002 -25"><span class='ocrx_word' id='word_1_293' title='bbox 100 3793 255 3861; x_wconf 88' lang='lat' dir='ltr'><em>orationis</em></span> <span class='ocrx_word' id='word_1_294' title='bbox 271 3794 472 3877; x_wconf 83' lang='lat' dir='ltr'><em>brevitatem,</em></span> <span class='ocrx_word' id='word_1_295' title='bbox 498 3786 590 3863; x_wconf 86' lang='lat' dir='ltr'><em>nemo</em></span> <span class='ocrx_word' id='word_1_296' title='bbox 610 3808 657 3864; x_wconf 90' lang='lat' dir='ltr'><em>est</em></span> <span class='ocrx_word' id='word_1_297' title='bbox 680 3799 759 3885; x_wconf 88' lang='lat' dir='ltr'><em>quin</em></span> <span class='ocrx_word' id='word_1_298' title='bbox 779 3798 886 3864; x_wconf 84' lang='lat' dir='ltr'><em>rideat</em></span> <span class='ocrx_word' id='word_1_299' title='bbox 906 3819 914 3862; x_wconf 77' lang='grc' dir='ltr'><strong>ε</strong></span> <span class='ocrx_word' id='word_1_300' title='bbox 939 3797 1030 3884; x_wconf 85' lang='lat' dir='ltr'><em>cnjus</em></span> <span class='ocrx_word' id='word_1_301' title='bbox 1055 3797 1146 3862; x_wconf 87' lang='lat' dir='ltr'><em>varia</em></span> <span class='ocrx_word' id='word_1_302' title='bbox 1161 3799 1309 3884; x_wconf 86' lang='lat' dir='ltr'><em>exemplu</em></span> <span class='ocrx_word' id='word_1_303' title='bbox 1327 3818 1377 3863; x_wconf 91' lang='lat' dir='ltr'><em>or-</em></span> 
     </span>
     <span class='ocr_line' id='line_1_32' title="bbox 99 3901 1375 3992; baseline 0.003 -26"><span class='ocrx_word' id='word_1_304' title='bbox 99 3901 174 3967; x_wconf 87' lang='lat' dir='ltr'><em>dine</em></span> <span class='ocrx_word' id='word_1_305' title='bbox 188 3902 316 3968; x_wconf 84' lang='lat' dir='ltr'><em>volvere</em></span> <span class='ocrx_word' id='word_1_306' title='bbox 336 3902 427 3984; x_wconf 89' lang='lat' dir='ltr'><em>libet,</em></span> <span class='ocrx_word' id='word_1_307' title='bbox 449 3903 574 3971; x_wconf 88' lang='lat' dir='ltr'><em>omissis</em></span> <span class='ocrx_word' id='word_1_308' title='bbox 598 3914 703 3971; x_wconf 89' lang='lat' dir='ltr'><em>tamen</em></span> <span class='ocrx_word' id='word_1_309' title='bbox 724 3905 764 3971; x_wconf 87' lang='lat' dir='ltr'><em>ils</em></span> <span class='ocrx_word' id='word_1_310' title='bbox 789 3924 862 3992; x_wconf 86' lang='lat' dir='ltr'><em>qaae</em></span> <span class='ocrx_word' id='word_1_311' title='bbox 887 3903 973 3990; x_wconf 88' lang='lat' dir='ltr'><em>apud</em></span> <span class='ocrx_word' id='word_1_312' title='bbox 993 3922 1102 3970; x_wconf 89' lang='lat' dir='ltr'><em>omnes</em></span> <span class='ocrx_word' id='word_1_313' title='bbox 1121 3904 1293 3992; x_wconf 86' lang='lat' dir='ltr'><em>scriptores</em></span> <span class='ocrx_word' id='word_1_314' title='bbox 1316 3905 1375 3970; x_wconf 88' lang='lat' dir='ltr'><em>fro·</em></span> 
     </span>
     <span class='ocr_line' id='line_1_33' title="bbox 99 4008 427 4095; baseline 0.006 -20"><span class='ocrx_word' id='word_1_315' title='bbox 99 4008 312 4095; x_wconf 90' lang='lat' dir='ltr'><em>quentissima</em></span> <span class='ocrx_word' id='word_1_316' title='bbox 327 4021 402 4077; x_wconf 89' lang='lat' dir='ltr'><em>sant</em></span> <span class='ocrx_word' id='word_1_317' title='bbox 419 4032 427 4077; x_wconf 93' lang='lat'>:</span> 
     </span>
    </p>

    <p class='ocr_par' dir='ltr' id='par_1_8' title="bbox 97 4115 1378 4848">
     <span class='ocr_line' id='line_1_34' title="bbox 146 4115 1378 4206; baseline 0.002 -25"><span class='ocrx_word' id='word_1_318' title='bbox 146 4117 180 4182; x_wconf 82' lang='grc' dir='ltr'><em>4ο</em></span> <span class='ocrx_word' id='word_1_319' title='bbox 200 4115 395 4183; x_wconf 86' lang='lat' dir='ltr'><em>Indicativus</em></span> <span class='ocrx_word' id='word_1_320' title='bbox 410 4118 498 4184; x_wconf 87' lang='lat' dir='ltr'><em>verbi</em></span> <span class='ocrx_word' id='word_1_321' title='bbox 518 4117 708 4185; x_wconf 81' lang='lat' dir='ltr'><em>substantivi</em></span> <span class='ocrx_word' id='word_1_322' title='bbox 726 4139 792 4186; x_wconf 88' lang='lat' dir='ltr'><em>csse</em></span> <span class='ocrx_word' id='word_1_323' title='bbox 812 4119 844 4184; x_wconf 89' lang='lat' dir='ltr'><em>in</em></span> <span class='ocrx_word' id='word_1_324' title='bbox 866 4118 1039 4184; x_wconf 86' lang='lat' dir='ltr'><em>indicativo</em></span> <span class='ocrx_word' id='word_1_325' title='bbox 1060 4118 1189 4204; x_wconf 84' lang='lat' dir='ltr'><em>perlecti</em></span> <span class='ocrx_word' id='word_1_326' title='bbox 1214 4118 1378 4206; x_wconf 85' lang='lat' dir='ltr'><em>deponen-</em></span> 
     </span>
     <span class='ocr_line' id='line_1_35' title="bbox 99 4222 1376 4312; baseline 0.003 -26"><span class='ocrx_word' id='word_1_327' title='bbox 99 4222 180 4288; x_wconf 92' lang='lat' dir='ltr'><em>tium</em></span> <span class='ocrx_word' id='word_1_328' title='bbox 198 4222 245 4289; x_wconf 86' lang='lat' dir='ltr'><em>vel</em></span> <span class='ocrx_word' id='word_1_329' title='bbox 269 4224 468 4309; x_wconf 85' lang='lat' dir='ltr'><em>passivorum</em></span> <span class='ocrx_word' id='word_1_330' title='bbox 485 4225 658 4292; x_wconf 81' lang='lat' dir='ltr'><em>verborum</em></span> <span class='ocrx_word' id='word_1_331' title='bbox 677 4225 849 4306; x_wconf 88' lang='lat' dir='ltr'><em>omittitur,</em></span> <span class='ocrx_word' id='word_1_332' title='bbox 867 4244 931 4292; x_wconf 92' lang='lat' dir='ltr'><em>non</em></span> <span class='ocrx_word' id='word_1_333' title='bbox 955 4225 1074 4302; x_wconf 90' lang='lat' dir='ltr'><em>solum,</em></span> <span class='ocrx_word' id='word_1_334' title='bbox 1098 4234 1134 4291; x_wconf 91' lang='lat' dir='ltr'><em>nt</em></span> <span class='ocrx_word' id='word_1_335' title='bbox 1148 4225 1242 4306; x_wconf 88' lang='lat' dir='ltr'><em>solet,</em></span> <span class='ocrx_word' id='word_1_336' title='bbox 1260 4225 1292 4291; x_wconf 91' lang='lat' dir='ltr'><em>in</em></span> <span class='ocrx_word' id='word_1_337' title='bbox 1309 4225 1376 4312; x_wconf 89' lang='lat' dir='ltr'><em>pri-</em></span> 
     </span>
     <span class='ocr_line' id='line_1_36' title="bbox 98 4330 1377 4420; baseline 0.001 -25"><span class='ocrx_word' id='word_1_338' title='bbox 98 4330 214 4407; x_wconf 89' lang='lat' dir='ltr'><em>mario,</em></span> <span class='ocrx_word' id='word_1_339' title='bbox 232 4330 286 4397; x_wconf 90' lang='lat' dir='ltr'><em>sed</em></span> <span class='ocrx_word' id='word_1_340' title='bbox 307 4331 415 4413; x_wconf 89' lang='lat' dir='ltr'><em>etiam,</em></span> <span class='ocrx_word' id='word_1_341' title='bbox 437 4332 522 4420; x_wconf 88' lang='lat' dir='ltr'><em>quod</em></span> <span class='ocrx_word' id='word_1_342' title='bbox 544 4334 644 4399; x_wconf 92' lang='lat' dir='ltr'><em>multo</em></span> <span class='ocrx_word' id='word_1_343' title='bbox 661 4332 767 4399; x_wconf 89' lang='lat' dir='ltr'><em>rarius</em></span> <span class='ocrx_word' id='word_1_344' title='bbox 784 4343 843 4412; x_wconf 89' lang='lat' dir='ltr'><em>est,</em></span> <span class='ocrx_word' id='word_1_345' title='bbox 862 4333 893 4398; x_wconf 92' lang='lat' dir='ltr'><em>in</em></span> <span class='ocrx_word' id='word_1_346' title='bbox 920 4332 1109 4399; x_wconf 87' lang='lat' dir='ltr'><em>secundario</em></span> <span class='ocrx_word' id='word_1_347' title='bbox 1134 4332 1317 4411; x_wconf 87' lang='lat' dir='ltr'><em>enunciata,</em></span> <span class='ocrx_word' id='word_1_348' title='bbox 1341 4342 1377 4398; x_wconf 92' lang='lat' dir='ltr'><em>nt</em></span> 
     </span>
     <span class='ocr_line' id='line_1_37' title="bbox 97 4436 1376 4528; baseline 0.002 -26"><span class='ocrx_word' id='word_1_349' title='bbox 97 4437 169 4523; x_wconf 83' lang='lat' dir='ltr'><em>lug.</em></span> <span class='ocrx_word' id='word_1_350' title='bbox 188 4438 243 4516; x_wconf 87' lang='grc'>79,</span> <span class='ocrx_word' id='word_1_351' title='bbox 266 4438 297 4514; x_wconf 91' lang='grc'><em>4,</em></span> <span class='ocrx_word' id='word_1_352' title='bbox 321 4449 500 4527; x_wconf 83' lang='lat' dir='ltr'><em>postquam</em></span> <span class='ocrx_word' id='word_1_353' title='bbox 522 4439 691 4528; x_wconf 79' lang='lat' dir='ltr'><em>utrimque</em></span> <span class='ocrx_word' id='word_1_354' title='bbox 715 4438 869 4528; x_wconf 80' lang='lat' dir='ltr'><em>lcqianes,</em></span> <span class='ocrx_word' id='word_1_355' title='bbox 892 4439 971 4505; x_wconf 88' lang='lat' dir='ltr'><em>item</em></span> <span class='ocrx_word' id='word_1_356' title='bbox 989 4436 1107 4506; x_wconf 85' lang='lat' dir='ltr'><em>classes</em></span> <span class='ocrx_word' id='word_1_357' title='bbox 1125 4459 1212 4528; x_wconf 82' lang='lat' dir='ltr'><em>saepe</em></span> <span class='ocrx_word' id='word_1_358' title='bbox 1223 4439 1309 4527; x_wconf 77' lang='lat' dir='ltr'><em>susa</em></span> <span class='ocrx_word' id='word_1_359' title='bbox 1321 4439 1376 4527; x_wconf 82' lang='lat' dir='ltr'><em>su-</em></span> 
     </span>
     <span class='ocr_line' id='line_1_38' title="bbox 97 4543 1374 4636; baseline 0.004 -28"><span class='ocrx_word' id='word_1_360' title='bbox 97 4553 250 4631; x_wconf 72' lang='grc' dir='ltr'><em>ι44444444</em></span> <span class='ocrx_word' id='word_1_361' title='bbox 268 4554 300 4610; x_wconf 83' lang='grc'><em>44</em></span> <span class='ocrx_word' id='word_1_362' title='bbox 313 4543 413 4613; x_wconf 90' lang='lat' dir='ltr'><em>alteri</em></span> <span class='ocrx_word' id='word_1_363' title='bbox 425 4544 547 4613; x_wconf 87' lang='lat' dir='ltr'><em>alteras</em></span> <span class='ocrx_word' id='word_1_364' title='bbox 564 4545 777 4636; x_wconf 85' lang='lat' dir='ltr'><em>aliquantum</em></span> <span class='ocrx_word' id='word_1_365' title='bbox 795 4546 994 4613; x_wconf 77' lang='lat' dir='ltr'><em>attriverant</em></span> <span class='ocrx_word' id='word_1_366' title='bbox 1023 4546 1076 4629; x_wconf 89' lang='grc'>(44.</span> <span class='ocrx_word' id='word_1_367' title='bbox 1096 4546 1172 4624; x_wconf 86' lang='grc'>409,</span> <span class='ocrx_word' id='word_1_368' title='bbox 1187 4547 1224 4626; x_wconf 74' lang='lat'><em>23</em></span> <span class='ocrx_word' id='word_1_369' title='bbox 1244 4546 1299 4623; x_wconf 85' lang='grc'><em>94,</em></span> <span class='ocrx_word' id='word_1_370' title='bbox 1321 4545 1374 4632; x_wconf 88' lang='grc'><em>3);</em></span> 
     </span>
     <span class='ocr_line' id='line_1_39' title="bbox 97 4651 1374 4743; baseline 0.001 -27"><span class='ocrx_word' id='word_1_371' title='bbox 97 4651 169 4738; x_wconf 83' lang='lat' dir='ltr'><em>lug.</em></span> <span class='ocrx_word' id='word_1_372' title='bbox 187 4651 243 4732; x_wconf 89' lang='lat'><em>77,</em></span> <span class='ocrx_word' id='word_1_373' title='bbox 262 4652 294 4733; x_wconf 90' lang='lat'><em>3,</em></span> <span class='ocrx_word' id='word_1_374' title='bbox 311 4651 419 4719; x_wconf 80' lang='lat' dir='ltr'><em>tibica</em></span> <span class='ocrx_word' id='word_1_375' title='bbox 434 4654 600 4743; x_wconf 87' lang='lat' dir='ltr'><em>inpetrata</em></span> <span class='ocrx_word' id='word_1_376' title='bbox 617 4655 670 4738; x_wconf 88' lang='grc'>(44.</span> <span class='ocrx_word' id='word_1_377' title='bbox 683 4655 710 4721; x_wconf 91' lang='lat' dir='ltr'><em>J.</em></span> <span class='ocrx_word' id='word_1_378' title='bbox 729 4654 785 4734; x_wconf 78' lang='lat'><em>75,</em></span> <span class='ocrx_word' id='word_1_379' title='bbox 803 4655 840 4734; x_wconf 91' lang='grc'><em>7;</em></span> <span class='ocrx_word' id='word_1_380' title='bbox 857 4654 912 4732; x_wconf 91' lang='grc'><em>94,</em></span> <span class='ocrx_word' id='word_1_381' title='bbox 931 4655 983 4742; x_wconf 90' lang='grc'><em>4);</em></span> <span class='ocrx_word' id='word_1_382' title='bbox 999 4656 1071 4740; x_wconf 79' lang='lat' dir='ltr'><em>lug.</em></span> <span class='ocrx_word' id='word_1_383' title='bbox 1090 4653 1145 4728; x_wconf 90' lang='grc'><em>74,</em></span> <span class='ocrx_word' id='word_1_384' title='bbox 1178 4654 1209 4730; x_wconf 90' lang='grc'><em>4,</em></span> <span class='ocrx_word' id='word_1_385' title='bbox 1230 4651 1288 4718; x_wconf 83' lang='lat' dir='ltr'><em>secl</em></span> <span class='ocrx_word' id='word_1_386' title='bbox 1299 4673 1374 4718; x_wconf 81' lang='lat' dir='ltr'><em>crem</em></span> 
     </span>
     <span class='ocr_line' id='line_1_40' title="bbox 98 4756 1372 4848; baseline 0.002 -25"><span class='ocrx_word' id='word_1_387' title='bbox 98 4778 144 4825; x_wconf 79' lang='lat' dir='ltr'><em>cae</em></span> <span class='ocrx_word' id='word_1_388' title='bbox 162 4756 281 4848; x_wconf 80' lang='lat' dir='ltr'><em>litterae</em></span> <span class='ocrx_word' id='word_1_389' title='bbox 299 4757 438 4839; x_wconf 80' lang='lat' dir='ltr'><em>adlata3</em></span> <span class='ocrx_word' id='word_1_390' title='bbox 453 4763 598 4848; x_wconf 79' lang='lat' dir='ltr'><em>exempla</em></span> <span class='ocrx_word' id='word_1_391' title='bbox 617 4781 691 4828; x_wconf 83' lang='lat' dir='ltr'><em>nero</em></span> <span class='ocrx_word' id='word_1_392' title='bbox 705 4760 910 4841; x_wconf 86' lang='lat' dir='ltr'><em>satismnlta,</em></span> <span class='ocrx_word' id='word_1_393' title='bbox 922 4780 1000 4847; x_wconf 12' lang='lat' dir='ltr'><em>,qna</em></span> <span class='ocrx_word' id='word_1_394' title='bbox 1013 4761 1140 4828; x_wconf 86' lang='lat' dir='ltr'><em>Marcoa</em></span> <span class='ocrx_word' id='word_1_395' title='bbox 1158 4760 1278 4848; x_wconf 86' lang='lat' dir='ltr'><em>prolort</em></span> <span class='ocrx_word' id='word_1_396' title='bbox 1294 4759 1331 4845; x_wconf 91' lang='lat' dir='ltr'><em>(l.</em></span> <span class='ocrx_word' id='word_1_397' title='bbox 1351 4760 1372 4826; x_wconf 92' lang='grc'><em>4.</em></span> 
     </span>
    </p>
   </div>
   <div class='ocr_carea' id='block_1_6' title="bbox 0 0 1662 5526">
    <p class='ocr_par' dir='ltr' id='par_1_9' title="bbox 0 0 1662 5526">
     <span class='ocr_line' id='line_1_41' title="bbox 0 0 1662 5526; baseline 0 0"><span class='ocrx_word' id='word_1_398' title='bbox 0 0 1662 5526; x_wconf 95' lang='lat' dir='ltr'><em> </em></span> 
     </span>
    </p>
   </div>
  </div>
 </body>
</html>
