3314 5526
729 413 907 472 ..70-

199 563 200 567 ’
224 561 413 627 Paucuvero
428 569 551 625 exstant
564 560 720 645 exempla,
736 578 808 645 qum
827 559 945 644 regule
959 578 1057 643 supra
1073 556 1185 645 positae
1201 576 1379 643 repugnare
1399 559 1455 622 vi-

182 667 321 733 dentur:
339 667 405 734 Cat.
425 667 479 742 37,
495 667 529 744 6,
546 662 669 731 deinde
686 664 786 732 utulti
801 686 959 733 memores
973 662 1121 730 Sullanae
1138 662 1294 745 uictoria,
1316 662 1454 751 qctod...

181 772 337 840 videbunt
339 823 406 852 .....
423 771 487 839 slbt'
496 771 644 861 quisquc,
661 771 690 840 si
703 772 739 839 in
753 772 855 840 armis
867 773 968 861 foret,
988 778 1029 838 eu
1045 769 1182 838 victorio
1193 769 1275 836 talio
1284 769 1456 860 sperabat,

184 881 237 950 ubi
258 901 314 968 per
328 879 550 947 anacoluthon
565 881 739 968 quoddam,
759 893 888 968 propter
904 881 1039 946 nimiam
1057 879 1145 946 verbi
1163 879 1336 966 asubJ‘ecto
1356 877 1461 945 multi

182 989 439 1076 disjunctionem,
466 987 505 1054 ad
532 990 664 1076 propius
689 1008 862 1076 pronomen
887 985 1025 1076 quisque
1046 987 1183 1052 relatum
1208 987 1404 1053 estverbum
1422 1005 1458 1053 ac

183 1095 338 1183 singulari
354 1114 488 1161 numero
503 1095 643 1181 positum
660 1095 682 1162 ¹.
700 1095 819 1163 Eadem
833 1095 1003 1181 explicatio
1019 1095 1158 1180 pertinet
1173 1093 1212 1159 ad
1226 1094 1306 1159 Hist.
1331 1113 1374 1170 ir,
1397 1094 1455 1172 22,

183 1202 229 1268 Hi
246 1201 393 1268 locarunt
410 1201 573 1291 pergitori
585 1213 615 1267 et
629 1201 719 1269 soliti
737 1213 863 1269 nectere
877 1221 918 1267 err
938 1199 1113 1267 viminibus
1132 1221 1212 1266 oosc
1235 1198 1392 1288 agrestio,
1410 1199 1462 1267 ibi

181 1321 264 1391 tacut,
291 1307 382 1397 quod
404 1308 518 1398 iuopia
537 1320 706 1376 scutorum
724 1310 852 1399 suerat,
878 1330 917 1375 eo
940 1319 1011 1374 orte
1032 1329 1066 1374 se
1087 1307 1225 1396 quisque
1249 1307 1285 1373 c'n
1306 1307 1459 1396 sormunt

158 1433 307 1504 ‘parma
330 1416 487 1504 equestris
511 1415 676 1483 armabat.
699 1419 744 1483 De
767 1419 834 1483 loco
859 1427 964 1482 autem
990 1418 1060 1502 lug.
1086 1416 1141 1494 53,
1167 1417 1188 1482 8
1212 1413 1346 1501 (milites
1369 1412 1460 1480 alius

182 1522 288 1589 olium
302 1521 370 1589 laeti
383 1521 566 1612 appellent,
588 1534 663 1590 octo
683 1522 817 1589 edocent
831 1533 930 1609 utque
943 1520 1098 1599 audierat,
1120 1543 1181 1588 suo
1199 1521 1336 1610 quisque
1350 1520 1460 1610 fortio

178 1631 274 1718 fecto
293 1628 340 1695 od
355 1628 475 1696 coelunt
485 1631 581 1719 sert),
598 1631 807 1698 Anschuetzio
825 1631 870 1717 (p.
889 1629 945 1716 20)
963 1628 1243 1696 etBadstuebnero
1259 1629 1306 1713 (p.
1325 1629 1358 1706 8,
1372 1628 1458 1716 not.)

183 1758 246 1804 non
262 1738 429 1817 assentior,
445 1738 500 1823 qui
517 1758 590 1805 eum
608 1738 683 1805 locis
695 1759 793 1824 supra
808 1737 945 1804 laudatis
957 1738 1107 1824 jungunt.
1125 1737 1183 1803 Hic
1198 1736 1284 1802 enim
1300 1755 1364 1801 non
1378 1734 1460 1802 adeo

184 1847 276 1932 longo
293 1845 462 1911 intervallo
478 1845 610 1911 verbum
622 1845 873 1935 fertasubjecto
885 1845 1005 1932 plurali
1016 1845 1264 1931 numeroposito
1276 1854 1458 1931 separetur,

182 1961 212 2018 et
227 1952 260 2017 in
277 1951 524 2039 primoquidem
545 1953 665 2037 periodi
683 1963 772 2039 parte
788 1954 898 2038 regula
914 1951 1080 2018 observata
1092 1962 1150 2031 est,
1169 1952 1236 2033 ubi,
1253 1970 1317 2016 non
1333 1951 1461 2016 obstan·

181 2058 266 2125 tibus
286 2059 528 2145 pronominibus
543 2057 631 2125 alius
650 2057 770 2138 olium,
793 2060 912 2146 plurali
933 2078 1065 2125 numero
1089 2059 1220 2145 ponitur
1243 2058 1380 2124 verbum
1393 2078 1459 2146 op-

180 2163 318 2254 pellont.
337 2165 398 2232 Sed
414 2166 561 2234 ultimum
575 2167 778 2233 enuntiatum
794 2175 869 2253 puto
884 2176 1035 2252 tanquam
1051 2167 1181 2232 omuino
1195 2165 1389 2252 disjunctum
1405 2165 1462 2230 ha·

180 2271 327 2340 -heudum
343 2293 421 2352 esse,
438 2274 524 2360 quod
534 2293 598 2340 non
613 2273 732 2340 mirum
742 2273 916 2352 videbitur,
933 2274 957 2339 si
973 2273 1160 2359 cogitaveris
1175 2282 1276 2339 totum
1291 2271 1461 2358 periodum

184 2399 220 2446 ex
242 2381 383 2467 praecisis
403 2401 439 2447 ac
458 2380 625 2468 disjunctis
647 2380 821 2447 enuntiatis
842 2390 998 2446 constare.
1024 2381 1110 2446 Nihil
1134 2380 1231 2466 igitur
1254 2379 1292 2445 ad
1315 2381 1461 2464 regulam

180 2507 278 2574 supra
294 2487 429 2575 positam
444 2489 604 2574 pertinere
622 2497 734 2573 potest.
754 2487 794 2553 At
814 2489 901 2553 locus
915 2489 996 2553 Hist.
1020 2508 1067 2564 111,
1092 2487 1146 2563 87,
1165 2498 1202 2551 ut
1214 2485 1374 2552 sustinere
1387 2505 1458 2550 cor-

174 2615 265 2683 poro
270 2592 425 2684 plerique
438 2605 637 2682 nequeuntes
656 2615 754 2660 ormo
772 2614 835 2661 suo
855 2594 993 2682 quisque
1007 2605 1097 2660 stans
1116 2592 1330 2668 irtcumberct‚
1350 2613 1459 2660 veram

185 2702 403 2788 exceptionem
422 2701 535 2768 alierre
553 2700 694 2767 videtur.
1367 2710 1370 2714 ⁴

228 2809 392 2876 Nonnulla
406 2808 584 2875 afferuntur
596 2806 757 2874 Ciceronis
771 2807 947 2874 aliorumve
962 2810 1120 2894 exempla,
1143 2807 1261 2893 quibus
1281 2820 1392 2874 contra
1407 2826 1461 2874 re-

58 2966 66 2981 ,
185 2917 294 3002 gulam
307 2925 447 2981 nostram
463 2914 617 3000 singulari
630 2934 761 2981 numero
774 2916 906 2982 verbum
918 2926 1068 3002 ponatur,
1083 2926 1117 2981 ut
1132 2917 1197 2982 Cic.
1212 2915 1383 2992 becilini,
1400 2915 1456 2980 tt.

185 3022 329 3089 Pictones
355 3033 388 3088 et
411 3033 516 3110 poetae
538 3043 636 3087 surum
666 3020 804 3109 quisque
830 3042 912 3111 opus
949 3043 971 3088 o
993 3019 1092 3108 uulgo
1124 3019 1328 3088 considerari
1360 3018 1458 3101 oult3

185 3132 275 3196 Brut.
293 3131 347 3208 55,
368 3129 429 3195 His
444 3127 629 3194 oratoribus
644 3127 717 3196 duee
730 3150 781 3195 res
793 3129 949 3196 mociano
968 3129 1075 3194 altero
1088 3127 1186 3194 alteri
1197 3127 1321 3217 defuit3
1344 3130 1462 3195 Sueto-

188 3237 273 3315 nius,
294 3234 456 3303 Domnott‘
470 3257 581 3302 omnes
596 3233 682 3301 alius
695 3233 761 3301 alio
776 3257 855 3302 cusu
866 3234 979 3324 periit,
997 3236 1114 3323 quibus
1131 3237 1206 3302 locis
1222 3236 1359 3321 aliisque
1375 3234 1461 3301 simi-

188 3344 272 3411 libus
288 3344 445 3430 oppositio
462 3353 516 3409 aut
531 3343 690 3429 separatio
704 3340 849 3428 quaedam
865 3344 1050 3409 accuratius
1059 3342 1251 3409 declaratur.
1270 3342 1331 3409 Sed
1349 3343 1461 3428 utique

188 3452 293 3517 rarior
306 3461 353 3517 est
370 3452 428 3516 illa
446 3452 655 3530 constructio,
670 3450 846 3536 prasertim
865 3450 950 3534 apud
971 3451 1162 3516 Sallustium
1180 3460 1211 3515 et
1226 3449 1361 3516 Livium.
1377 3449 1461 3518 Vide

186 3578 257 3644 quae
279 3559 312 3623 L.
340 3557 486 3623 Kiihnast
502 3555 573 3641 (Die
591 3557 821 3645 Hauptpunkte
840 3557 897 3623 der
915 3557 1145 3624 Livianischen.
1161 3557 1291 3644 Syntax)
1315 3556 1464 3642 exempla

187 3663 354 3750 congessit.
917 3656 919 3661 ’

229 3771 263 3836 2⁰
291 3771 447 3850 Uranouu.
465 3805 509 3820 -
527 3794 539 3829 ι
559 3770 736 3837 Pronomen
752 3781 902 3858 uterque,
920 3760 1184 3837 aitBadstiibner
1207 3771 1280 3858 (loc.
1299 3771 1352 3837 cit.
1370 3791 1402 3857 p.
1423 3771 1460 3851 8,

186 3877 342 3963 not.),cui
355 3876 440 3963 apud
454 3878 611 3944 Caesarem
628 3877 680 3964 (de
695 3879 846 3944 bellociv.
869 3878 901 3957 3,
913 3879 969 3965 30)
979 3878 1136 3964 aliosque,
1149 3877 1308 3964 imprimis
1318 3878 1460 3958 Livium,

186 4003 414 4070 nonnunquam
434 4003 585 4053 numerus
600 3984 736 4071 pluralis
755 3985 966 4062 subnectitur,
984 4003 1149 4070 nunquam
1166 3984 1251 4070 apud
1271 3984 1463 4052 Sallustium

186 4111 258 4159 cum
275 4091 392 4176 plurali
410 4090 556 4178 junctum
570 4091 721 4176 reperies,
744 4103 872 4179 excepto
886 4093 1016 4158 fortasse
1029 4092 1094 4159 Cat.
1114 4093 1168 4172 ts,
1185 4095 1218 4171 2,
1236 4103 1372 4178 uterquc
1385 4113 1464 4158 cum

187 4196 245 4264 illo
260 4218 377 4285 graues
392 4195 582 4264 inimicitius
597 4197 803 4279 coercebant,
827 4200 882 4266 uhi
907 4200 1055 4267 lectiones
1069 4201 1206 4266 variant.
1229 4226 1241 4260 s
1260 4200 1299 4266 At
1314 4199 1365 4265 hio
1379 4218 1465 4285 quo-

187 4325 251 4392 que
269 4305 394 4392 agnosci
412 4315 513 4390 potest
528 4316 602 4371 tunc
618 4308 793 4392 praesertim
812 4307 1008 4393 singularem
1030 4326 1198 4373 numerum
1215 4306 1372 4384 adhiberi,
1389 4326 1464 4372 cum

191 4410 263 4478 duae
278 4431 420 4497 personae
436 4421 490 4478 aut
505 4413 576 4479 duae
593 4433 641 4479 res
658 4434 719 4479 non
735 4435 812 4493 una,
837 4415 891 4480 scd
906 4414 1078 4500 separatim
1094 4426 1220 4502 agentes
1236 4415 1291 4480 aut
1307 4414 1465 4500 patientes

187 4518 309 4606 aliquid
326 4518 519 4587 inducantur
542 4543 549 4586 :
571 4521 639 4588 Cat.
659 4522 690 4601 l,
708 4523 741 4600 7,
760 4520 807 4587 ito
822 4533 1010 4610 utrumque,
1029 4522 1064 4607 (i.
1088 4542 1116 4588 e.
1142 4519 1308 4588 consulere
1328 4558 1369 4571 -
1386 4532 1467 4607 post

188 4624 459 4692 consultationem
466 4639 597 4694 motare
606 4626 772 4717 incipere),
781 4649 843 4718 per
856 4650 890 4694 sc
905 4617 1053 4717 indigens
1063 4627 1203 4695 alterum
1217 4625 1354 4694 alterius
1366 4626 1466 4692 ortui·

221 4762 244 4808 t.
259 4758 447 4816 Badctuebner,
462 4775 487 4825 p.
504 4763 528 4822 8,
545 4767 597 4811 not.
