3314 5526
665 420 862 478 -ld'l—

128 563 182 635 lb,
199 560 231 638 3,
250 561 288 626 de
309 558 460 626 infinitivi
482 560 623 627 historici
650 582 707 628 usu
736 561 931 628 Sallustiana
954 561 1081 648 scripsit
1104 560 1170 629 iere
1196 561 1247 628 bis
1264 561 1396 628 veritis}

130 693 144 730 a
165 669 206 736 Ut
226 688 291 733 rem
318 667 417 753 magis
444 668 583 734 illustret
604 666 809 755 omniumque
834 688 905 754 quae
924 669 1064 736 Catilina
1084 670 1195 756 agebat
1223 669 1281 735 sub
1298 669 1394 733 animi

126 793 220 840 sensu
241 784 338 859 ponat
364 777 522 861 picturam
548 774 722 859 quandam,
749 777 884 861 scriptor
907 776 1005 841 elficit
1028 785 1063 842 ut
1087 774 1190 841 oratio
1205 785 1345 841 transeat
1365 775 1397 841 in

126 881 301 947 infinitivus
312 882 488 960 historicos,
506 876 635 967 quibus,'
652 890 752 968 quum
766 882 848 948 desit
862 883 1068 967 grammatico
1083 882 1286 956 cohaerentia,
1302 883 1398 949 lector

125 997 338 1054 commoretur
354 989 393 1054 ad
409 1008 459 1054 res
482 989 636 1076 singulas,
658 996 731 1075 quae'
752 991 922 1076 propositae
948 1000 1036 1068 sunt,
1058 989 1236 1055 accuratius
1259 989 1398 1075 diligen·

126 1097 252 1180 tiusque
270 1095 530 1174 considerandas,
549 1096 594 1162 ita
614 1105 648 1161 ut
667 1116 739 1181 quae
758 1096 822 1161 alia
842 1095 1066 1185 desiderantur
1087 1096 1188 1181 plenae
1206 1106 1237 1161 et
1251 1096 1398 1180 perlectae

126 1201 273 1287 imaginis
292 1203 483 1268 lineamenta
505 1202 571 1288 ipse
593 1204 740 1288 suppleat
764 1202 924 1288 addetque
944 1229 973 1282 ι,
997 1213 1027 1267 et
1043 1223 1074 1288 p.
1101 1202 1166 1268 lo:
1194 1230 1205 1262 ι
1229 1190 1398 1268 lusinitiris

125 1307 283 1374 historicis
301 1310 437 1395 scriptor
460 1310 662 1375 attentiorem
686 1310 776 1396 quasi
803 1307 907 1375 reddit
932 1309 1076 1374 animum
1094 1309 1143 1374 vel
1169 1307 1329 1375 audientis
1348 1309 1397 1374 rel

125 1414 271 1499 legentis,
288 1417 396 1481 omnia
413 1416 456 1481 ita
472 1416 672 1502 proterendo,
687 1429 721 1482 nt
736 1427 867 1502 propter
886 1417 1039 1481 incertum
1058 1415 1142 1503 quod
1164 1415 1245 1482 inest
1274 1426 1398 1502 tempus
1498 1415 1502 1425 '

124 1541 174 1587 res
189 1523 367 1588 accuratius
379 1522 556 1589 consideret
571 1525 680 1599 lector,
694 1534 724 1589 et
739 1523 891 1608 quoniam
906 1521 1078 1598 sentiendi,
1090 1521 1295 1609 cognoscendi
1309 1534 1339 1588 et
1353 1521 1398 1588 di-

121 1627 285 1714 J'udioandi
303 1627 398 1695 datur
411 1631 509 1707 locus,
528 1629 681 1709 diversas,
703 1649 775 1715 quae
795 1649 852 1714 per
867 1630 1009 1716 singulas
1022 1622 1127 1714 partes
1139 1629 1240 1696 oculis
1252 1628 1396 1695 auribus·

123 1753 185 1819 que
200 1734 414 1810 obducuntur,
434 1754 483 1800 res
502 1755 567 1801 una
581 1735 680 1802 veluti
699 1735 836 1821 imagine
862 1736 1026 1822 complecti
1058 1734 1193 1802 studeat.
1228 1763 1239 1795 ι
1268 1735 1397 1822 Opinio-

124 1858 194 1907 nem
211 1841 260 1906 his
280 1842 401 1907 ultimis
425 1842 529 1908 rerbis
546 1843 677 1908 allatam
693 1844 857 1927 amplexus
873 1841 1036 1907 Koniolius
1052 1841 1101 1907 his
1116 1841 1266 1928 proximis
1281 1841 1395 1907 annis¹
1444 1872 1446 1875 ·

124 1964 190 2013 rem
209 1947 395 2032 diligentius
414 1948 585 2033 perspexit,
613 1958 644 2013 et
675 1949 800 2033 plenam
821 1948 1005 2035 quaestionis
1026 1948 1182 2014 rationem
1200 1947 1349 2013 instituit.

168 2053 267 2140 Cujus
282 2055 470 2120 sententiam
489 2074 588 2139 quum
604 2056 708 2141 reipsa
723 2066 900 2120 ceterorum
916 2053 1062 2140 opinioni
1073 2058 1229 2143 praestare
1239 2054 1397 2120 existima-

124 2179 204 2239 rem,
225 2178 263 2225 ex
278 2161 417 2226 tenebris
432 2164 529 2245 paulo
544 2161 736 2227 obscurioris
752 2161 906 2226 orationis
926 2161 1074 2246 expedire
1090 2170 1221 2227 conatus
1240 2179 1322 2236 snm,
1340 2179 1395 2226 ne·

123 2266 233 2352 glectis
250 2276 352 2332 tamen
370 2267 473 2331 autin
492 2267 608 2332 melius
627 2267 759 2332 mutatis
777 2267 873 2331 rebus
890 2287 971 2353 quas
987 2277 1042 2332 aut
1062 2285 1175 2352 parum
1195 2276 1322 2332 exactas
1342 2276 1397 2330 aut

124 2391 231 2438 evoro
246 2372 452 2438 abhorrentes
467 2391 638 2437 censerem.
656 2373 726 2458 lpsa
746 2373 844 2458 igitur
858 2373 903 2438 rei
925 2372 1122 2459 expositione
1142 2372 1316 2438 refutatum
1334 2373 1397 2438 erit

123 2478 154 2544 id
174 2479 272 2566 quod,
294 2479 326 2544 in
345 2478 625 2566 grammaticorum
644 2487 742 2566 supra
760 2479 965 2553 laudatorum
982 2491 1212 2546 ceterorumve
1232 2478 1397 2564 opinioni-

123 2585 194 2665 bus,
213 2597 268 2652 aut
282 2587 412 2652 omnino
431 2586 561 2663 falsum,
582 2596 638 2651 aut
654 2585 873 2671 imperfectum
889 2606 956 2652 esse
974 2582 1053 2651 mihi
1075 2585 1175 2652 videri
1197 2586 1348 2670 potnerit.

167 2693 201 2759 2⁰
225 2695 272 2758 ue
290 2690 437 2758 historici
450 2691 609 2781 infinitivi
625 2691 768 2758 rrominc.
790 2729 835 2743 -
852 2693 1034 2759 Notandum
1049 2701 1095 2759 est
1117 2691 1254 2779 primum
1269 2691 1328 2757 hoc
1347 2709 1396 2777 go·

123 2819 183 2866 nus
203 2798 354 2865 inlinitivi
379 2820 441 2865 non
471 2800 530 2864 nisi
559 2800 591 2865 iu
615 2799 765 2866 historico
784 2799 910 2866 dicendi
931 2819 1046 2893 genere
1066 2809 1256 2885 usurpatum
1278 2799 1393 2879 luisse3

122 2906 206 2994 quod
226 2906 356 2993 quidem
370 2926 481 2972 verum
495 2918 542 2972 est
559 2906 702 2972 etiamde
718 2906 784 2972 illis
800 2907 876 2972 locis
888 2908 941 2993 qui
960 2907 1007 2972 rel
1023 2904 1109 2991 apud
1123 2889 1260 2972 comicos
1274 2914 1393 2990 poetas,

121 3014 168 3079 rel
188 3012 273 3098 apud
293 3014 478 3081 Ciceronem
506 3014 725 3078 inveniuntur.
747 3013 851 3079 Ethic
877 3012 1009 3098 quidem
1032 3014 1061 3078 in
1086 3012 1287 3079 orationibus
1309 3023 1340 3077 et
1363 3012 1395 3077 in

74 3136 77 3142 ’
122 3120 265 3205 epistolis
283 3139 353 3186 earn
372 3119 640 3185 constructionem
661 3120 803 3200 adhibet,
820 3121 874 3184 sed
898 3119 936 3184 iis
958 3130 1081 3184 tantum
1103 3117 1179 3183 locis
1198 3119 1251 3184 ubi
1268 3102 1395 3185 contro-

121 3227 235 3292 versiae
251 3238 305 3291 ant
319 3225 524 3311 descriptioni
548 3226 687 3294 succedit
701 3226 843 3290 narratio
862 3226 915 3311 (cl.
937 3226 992 3310 pro
1009 3226 1097 3290 llosc.
1127 3218 1210 3290 hun.
1234 3225 1302 3308 38).
1325 3226 1395 3311 lpsa

124 3345 231 3398 autem
246 3333 292 3398 rei
317 3343 433 3398 natura
453 3332 591 3398 eflicitur
614 3343 648 3397 ut
674 3352 775 3418 pauca
799 3331 928 3396 illorum
947 3330 1177 3397 inlinitivorum
1197 3333 1342 3417 exempla
1362 3332 1394 3397 in

122 3438 322 3505 orationibus
337 3450 520 3519 occurrant3
542 3440 648 3523 itaque
665 3437 750 3524 apud
773 3438 877 3523 ipsum
898 3437 1101 3517 Sallustium,
1120 3437 1216 3503 siens
1236 3440 1395 3504 orationes

63 3555 66 3558 “
122 3549 345 3632 evolvasquas
360 3547 393 3611 in
414 3546 552 3635 mediam
575 3547 792 3613 narrationem
813 3546 948 3610 ornandi
969 3555 1023 3611 aut
1037 3544 1182 3611 variandi
1199 3565 1295 3610 eausa
1311 3549 1395 3610 inse-

123 3654 200 3730 ruit,
217 3653 281 3718 duo
296 3663 418 3719 tanturn
432 3655 497 3718 loca
516 3654 671 3731 invenias,
688 3654 756 3719 Cat.
775 3654 830 3729 20,
848 3653 866 3717 7
883 3665 913 3717 et
928 3653 982 3730 bl,
1001 3643 1056 3728 28,
1075 3650 1164 3736 (uam
1188 3671 1392 3730 concurrere,

122 3760 201 3826 Hist.
225 3780 247 3831 1,
267 3759 321 3838 51,
341 3760 372 3836 7,
397 3759 561 3825 indicativi
585 3760 758 3845 perlectum
778 3762 851 3841 est),
873 3778 974 3842 eaque
999 3760 1066 3843 ipsa
1087 3757 1279 3823 narrationis
1298 3768 1394 3823 natu·

122 3884 191 3932 ram
208 3866 346 3943 ba¹bent;
371 3867 425 3950 (cl.
446 3866 509 3932 Cic.
529 3865 566 3931 ad
592 3866 703 3946 Quint.
726 3867 798 3932 irat.
819 3887 853 3944 ιι,
871 3866 903 3940 3,
921 3865 960 3941 9.;
979 3864 1018 3930 ad
1044 3867 1108 3930 nit.
1127 3885 1162 3942 ιι,
1182 3864 1235 3942 ln,
1255 3864 1304 3949 2).
1324 3864 1393 3930 Non

123 3973 221 4058 igitur
234 3972 352 4038 mirum
368 3973 394 4037 si
407 3970 599 4038 historicum
612 3973 809 4058 appellatum
826 3983 872 4037 est
887 3971 938 4036 hic
953 3970 1131 4037 infinitivus
1139 3995 1147 4051 ;
1162 3969 1247 4058 quod
1265 3970 1392 4056 quidem

123 4071 250 4157 nomen,
270 4079 337 4166 jam
366 4079 452 4164 apud
478 4089 600 4144 veteres
626 4079 848 4166 grammaticos
880 4079 1045 4156 usitatum,
1080 4077 1239 4143 immerito
1272 4096 1347 4142 sane
1376 4066 1395 4142 a

123 4187 272 4272 Grysario
284 4186 494 4272 vituperatur,
517 4185 572 4271 qui
589 4184 628 4251 de
646 4205 684 4250 ea
697 4206 729 4250 re
742 4184 926 4271 opinionem
940 4179 1099 4253 Gerlaohii
1117 4182 1297 4269 sequitur¹.
1315 4183 1393 4249 Nam

155 4397 178 4443 l.
198 4397 229 4443 H.
244 4393 347 4445 Koziol.
376 4393 463 4443 Uober
477 4392 519 4442 die
539 4391 691 4456 Bedeutung
714 4391 766 4441 und
788 4392 834 4442 der
849 4391 987 4453 Gebreuoh
1008 4392 1055 4442 des
1077 4392 1252 4443 historischen
1267 4390 1393 4442 Infinitiis

123 4464 163 4513 bei
176 4463 281 4512 Sallust.
292 4464 376 4527 lgluu,
390 4466 462 4515 l866.

152 4538 176 4586 2.
191 4534 281 4598 Nuper
295 4534 374 4583 etiam
388 4535 428 4585 rir
442 4534 546 4598 quidam
559 4534 585 4583 iu
596 4533 737 4584 Germania
749 4534 850 4592 doetus,
864 4534 897 4583 ad
912 4533 1097 4598 philologicam
1111 4534 1224 4585 Beroliui
1242 4533 1393 4589 societatem

121 4606 237 4655 reterens
251 4605 281 4654 de
296 4606 362 4654 libro
378 4606 393 4654 J
397 4643 403 4654 .
422 4605 615 4655 Eidenschinkii
630 4605 679 4656 der
693 4599 813 4670 infiniti(
817 4604 857 4658 oet
871 4607 1008 4656 Cornelius
1017 4607 1108 4672 Nepos
1118 4606 1254 4671 inscripto,
1270 4604 1394 4665 historici

122 4676 237 4727 indnitiri
255 4676 456 4742 appellationem
470 4677 557 4742 arguit
571 4683 597 4726 et
606 4676 800 4743 descriptarum
818 4693 884 4731 eum,
897 4677 999 4727 censuit
1020 4677 1217 4747 nominandum,
1237 4690 1330 4726 uorum
1345 4674 1394 4726 ali·

123 4747 184 4813 quid
199 4754 276 4812 atque
291 4747 425 4806 eximium,
440 4753 469 4797 ut
480 4747 591 4807 ridetur,
607 4747 756 4797 existimaus
770 4762 799 4798 so
814 4748 953 4799 inreuiss'o.
