3314 5526
726 415 922 470 -436-

196 560 250 637 48,
269 559 301 628 5,
316 569 374 622 ele.
392 595 432 605 -
454 558 532 623 Cum
549 558 668 623 verbali
686 559 813 623 nomine
831 559 946 642 legitur
958 558 985 622 J.
1006 559 1060 638 44,
1080 559 1111 637 4,
1125 557 1296 647 praedator
1310 558 1472 639 casualia

199 665 253 748 (cl.
273 685 370 751 uqere
386 661 518 751 praedas
533 686 584 743 eac,
608 666 634 730 J.
654 665 710 743 84,
738 665 777 743 33
801 665 856 744 88,
879 666 924 749 3).
943 665 1101 730 -Ercen
1124 676 1269 752 tempure
1285 668 1424 731 occurrit
1441 668 1471 732 J.

197 773 251 849 ll,
268 772 301 841 8.
323 792 364 836 ea
378 792 443 859 que
460 781 603 860 tempere
618 773 668 854 (H.
688 795 708 851 ι,
729 773 803 856 lu);
822 791 980 858 nusquam
996 792 1069 837 vero
1085 793 1126 836 ee
1141 770 1209 851 illa,
1227 794 1267 837 ee
1283 794 1332 851 ea,
1350 794 1392 838 ea
1405 794 1473 860 quo

199 879 304 943 inveni
321 879 378 944 hon
397 898 504 943 sensu.
527 916 568 926 —
593 880 649 944 Ea
667 907 710 937 z
723 876 901 944 secuudum
917 898 999 964 saepe
1016 879 1110 944 elium
1128 879 1289 945 invenitur
1304 903 1310 944 :
1328 901 1368 945 ea
1388 879 1473 945 alia-

106 1007 111 1013 ·
181 1007 269 1080 'reem
284 1007 375 1050 mere
394 987 433 1068 (J.
455 986 510 1066 64,
528 987 560 1069 3)
571 1009 579 1064 ;
596 1007 637 1050 ca
650 984 797 1051 lubidine
819 985 927 1074 marsis
947 1007 1048 1073 quam
1070 1007 1110 1050 ea
1124 1008 1200 1051 vera
1214 987 1262 1072 (C.
1281 987 1313 1062 8,
1334 989 1386 1070 4);
1404 1009 1475 1052 recu

194 1115 234 1157 erc
249 1113 294 1169 re,
311 1089 370 1157 secl
387 1113 427 1157 ea
446 1090 615 1158 commode
637 1104 813 1158 aestumare
832 1094 879 1175 (C.
902 1095 955 1170 40,
982 1093 1035 1178 5);
1052 1092 1155 1180 facile
1177 1115 1211 1159 se
1236 1116 1276 1159 ea
1300 1093 1473 1160 uoluntate

195 1198 336 1264 Autouio
348 1205 490 1264 'uiscerum
508 1200 555 1282 (C.
577 1201 632 1276 ⁶26,
652 1201 687 1277 4;
710 1200 748 1265 ci.
766 1202 793 1265 J.
818 1201 870 1278 46,
894 1205 929 1278 4;
948 1201 1003 1272 83,
1021 1201 1061 1277 3;
1093 1201 1167 1277 444,
1185 1206 1234 1284 3);
1249 1201 1291 1289 fit
1307 1222 1383 1266 reus
1397 1223 1473 1266 ma-

193 1305 243 1394 qis
258 1327 299 1371 esc
316 1327 410 1392 aquea
431 1304 578 1393 beneque
593 1327 694 1393 quam
710 1327 750 1371 ea
763 1306 844 1394 jure
855 1307 1003 1396 nentium
1020 1309 1059 1389 (J.
1078 1308 1132 1387 35,
1150 1310 1202 1392 7);
1221 1322 1279 1372 etc.

238 1415 309 1479 Pan:
329 1433 401 1478 raro
417 1413 503 1500 apud
522 1415 672 1479 Nostrum
692 1414 867 1494 invenitur,
883 1415 937 1500 qui
954 1415 1016 1480 duo
1033 1426 1157 1480 tantum
1172 1416 1317 1500 exempla
1336 1416 1471 1500 praebet,

194 1540 294 1586 unum
313 1522 404 1585 locali
430 1519 672 1605 significatione,
698 1523 725 1586 J.
743 1522 797 1601 94,
820 1523 852 1599 ⁶2,
870 1520 1016 1608 sinqules
1031 1543 1104 1611 pree
1122 1542 1154 1587 se
1168 1523 1309 1588 inermos
1324 1522 1471 1602 mittere,

195 1629 332 1693 alterum
355 1629 604 1712 conmparativa,
632 1626 710 1692 Hist.
739 1650 773 1707 n,
800 1629 862 1708 ⁶27,
887 1628 1079 1716 Sequutiui,
1108 1627 1175 1717 fide
1195 1640 1294 1716 atque
1313 1632 1474 1695 aerumnis

194 1732 312 1800 incluti
321 1755 396 1823 pra
406 1732 615 1814 mortalibus,
639 1735 752 1801 idest:
776 1735 848 1801 fidei
869 1746 963 1822 atque
983 1756 1199 1802 aerumnarum
1221 1738 1306 1802 lama
1322 1739 1474 1803 mortales

195 1843 288 1928 longe
303 1841 515 1928 praecedentes
529 1842 656 1926 (Kritz).
873 1923 876 1928 Δ
958 1925 960 1929 Ι

238 1951 301 2015 Pan
318 1948 410 2014 locali
425 1968 518 2014 sensu
540 1948 571 2014 in
590 1949 804 2014 locutionibus
824 1949 974 2015 technicis
990 1951 1049 2016 lori
1071 1959 1126 2016 aul
1140 1950 1216 2016 belli
1233 1951 1387 2016 usitatum
1402 1960 1449 2016 est
1460 1975 1470 2031 ;

194 2057 238 2122 sic
254 2055 339 2140 apud
353 2056 500 2121 Nostrum
520 2055 699 2121 invenimus
711 2078 778 2145 pro
795 2055 911 2121 eastris
925 2057 965 2142 (J.
984 2057 1039 2134 53,
1058 2059 1070 2122 l
1088 2081 1095 2134 ;
1113 2057 1168 2134 59,
1188 2059 1223 2137 4;
1245 2058 1283 2122 Η.
1298 2059 1360 2122 inc.
1380 2057 1474 2143 9)‚et

196 2182 269 2229 cum
289 2172 393 2228 motus
412 2163 519 2240 verbe,
546 2162 632 2246 quod
653 2164 763 2249 utique
791 2162 896 2228 rarius
921 2173 979 2242 est,
1007 2165 1034 2229 J.
1057 2164 1132 2242 400,
1165 2165 1197 2243 4,
1223 2162 1413 2229 excubitum
1437 2164 1472 2229 iu

193 2280 310 2358 pertas
330 2268 472 2335 cebertis
495 2267 744 2357 calculandus,
761 2291 823 2358 pre
846 2269 960 2336 eastris
979 2271 1102 2358 equites
1124 2270 1321 2337 auxiliarios
1341 2271 1473 2337 mittere

161 2378 163 2382 ’
192 2378 245 2461 (cl.
269 2377 347 2442 Caes,
366 2377 397 2442 b.
414 2397 444 2460 g.
463 2398 486 2456 1,
505 2377 559 2452 48,
571 2398 635 2465 pro
651 2377 766 2442 castris
780 2376 983 2465 suescepies
999 2374 1170 2466 perducit,
1187 2388 1218 2442 et
1234 2377 1354 2464 Appul.
1374 2380 1469 2463 Apol.

193 2506 223 2571 p.
244 2484 321 2564 598,
342 2482 450 2569 046);
475 2504 535 2572 pre
563 2505 660 2572 opere
677 2486 716 2566 (J.
736 2484 790 2561 92,
812 2485 865 2566 9);
879 2506 993 2574 -pre
1006 2506 1114 2559 mure,
1136 2486 1206 2570 lug.
1224 2485 1279 2562 94,
1298 2486 1330 2564 4,
1347 2496 1382 2550 et
1395 2486 1471 2552 Nu-

191 2589 301 2669 midae,
322 2612 408 2680 sape
432 2602 531 2655 aretea
555 2588 658 2656 eineis
681 2593 909 2656 Romanarum
933 2590 1098 2657 salbuarsis
1120 2590 1197 2657 ilem
1225 2592 1376 2670 incensis,
1402 2613 1471 2657 riou

191 2696 318 2762 castelli
341 2694 505 2761 moereibus
524 2717 558 2761 se
577 2695 784 2776 tutabantur,
806 2695 864 2763 sed
872 2720 936 2786 pro
950 2687 1047 2763 mure
1062 2695 1129 2763 dies
1141 2697 1309 2785 auctisque
1322 2697 1466 2784 euitare,

192 2804 247 2868 ubi
267 2825 331 2870 nan
346 2815 435 2869 extra
453 2803 573 2868 maenia
588 2822 728 2888 egressos
749 2824 815 2870 esse
835 2804 989 2870 Numidas
1013 2805 1132 2872 indicat
1155 2800 1339 2881 Sallustius,
1359 2805 1414 2870 sed
1438 2806 1468 2869 in

194 2911 345 2976 anteriori
362 2910 467 2996 operis
493 2924 581 2995 parte
598 2920 681 2976 stare
697 2923 792 2996 alque
813 2912 886 2977 inde
904 2912 1095 2979 maledicere
1114 2914 1283 2991 Romanis3
1303 2913 1343 2976 cl.
1365 2912 1392 2976 J.
1411 2912 1467 2991 67,

192 3020 224 3095 4,
246 3015 365 3084 adbuc
390 3016 544 3083 mulieres
562 3017 723 3105 ulcerique
735 3017 908 3107 protectis
928 3017 1143 3108 edificiorum
1158 3041 1243 3084 saca
1258 3031 1290 3084 et
1305 3017 1375 3083 alia
1396 3038 1471 3105 quae

192 3123 282 3191 lacus
296 3123 468 3214 prebebat
490 3125 638 3190 certatim
654 3125 793 3191 mittere.
819 3163 864 3175 -
882 3128 916 3192 ln
940 3129 1009 3212 lug.
1039 3127 1094 3206 49,
1118 3129 1150 3201 6,
1180 3127 1244 3208 (uti
1254 3147 1317 3214 pre
1333 3124 1469 3190 euresille

191 3231 391 3320 imperatum
404 3236 501 3316 erat),
519 3254 582 3321 pra
599 3231 733 3298 caresilie
749 3235 859 3299 endem
874 3233 967 3299 mode
989 3254 1052 3320 qua
1068 3256 1137 3323 pre
1153 3233 1301 3298 corilione
1319 3235 1357 3315 (J.
1381 3234 1414 3312 8,
1433 3234 1467 3318 9)

193 3339 436 3425 intelligendum
450 3350 505 3404 est.
518 3375 562 3389 -
572 3342 637 3405 Pro
656 3361 822 3424 persenam
833 3343 893 3424 (vel
906 3345 984 3425 rem)
995 3341 1045 3428 cuj
1052 3341 1258 3406 uscomrnado
1273 3340 1469 3405 inserviatur

192 3447 339 3512 amnibus
363 3447 510 3512 aetatibus
530 3447 711 3532 designasse
727 3458 867 3525 constat3
885 3449 952 3513 naee
966 3459 1069 3513 tamen
1087 3450 1230 3532 exempla
1247 3447 1393 3514 Sallustii
1410 3467 1469 3511 na·

191 3553 311 3619 tatiane
335 3553 431 3639 digna
462 3554 744 3620 existimavimus:
775 3558 846 3640 lug.
873 3557 928 3632 98,
959 3557 991 3634 2,
1014 3553 1177 3640 (barbari)
1201 3567 1326 3619 tractem
1349 3575 1412 3641 pro
1436 3574 1469 3618 se

191 3659 269 3737 rati,
287 3658 396 3725 acrius
418 3659 551 3739 instare,
573 3661 604 3727 id
627 3671 673 3726 est
696 3662 764 3726 rati
775 3663 850 3748 sare
871 3673 907 3727 ut
932 3684 999 3727 uua
1018 3661 1096 3750 cissis
1119 3663 1264 3748 seuerel3
1294 3663 1321 3726 J.
1349 3662 1404 3738 84,
1435 3662 1466 3735 4,

191 3765 260 3832 alia
271 3777 433 3854 praeterea
457 3766 636 3855 maquilica
655 3791 718 3859 pre
742 3780 824 3835 sect
850 3767 917 3834 illis
941 3767 1101 3846 deleatie;
1128 3771 1155 3835 J.
1181 3770 1236 3845 64,
1264 3771 1297 3845 4,
1322 3789 1396 3855 qua
1418 3789 1469 3832 res

192 3872 341 3940 Marium
354 3895 505 3963 clampre
520 3873 643 3940 benere
658 3897 755 3963 quem
771 3874 963 3963 adfectabat
977 3887 1047 3940 tune
1062 3884 1177 3941 eontra
1193 3873 1363 3942 Metellum
1378 3874 1468 3940 aebe-

191 3990 321 4045 meutcr
340 3979 544 4047 accenderet.

808 4162 858 4226 Ill.

374 4336 591 4408 Praeposiliones
605 4353 669 4409 quae
683 4353 747 4391 eum
765 4337 922 4392 accusativo
939 4341 967 4392 el
979 4337 1101 4392 ablativo
1115 4337 1288 4410 junguntur.

234 4516 267 4580 lu
292 4513 524 4580 eurrmblctlive
542 4537 597 4603 pra
613 4515 697 4581 inter
718 4516 855 4600 pesitum
877 4516 1121 4603 inveni‘urlug.
1143 4517 1197 4592 25,
1216 4523 1248 4594 4,
1266 4515 1300 4579 iu
1315 4514 1389 4602 quis
1399 4515 1470 4603 suit

191 4624 237 4689 M.
253 4624 400 4689 Scaurus
420 4624 470 4706 (el.
486 4625 540 4702 28,
568 4624 606 4701 t;
631 4625 669 4688 ll.
688 4645 732 4700 iv,
751 4625 826 4707 48);
842 4624 998 4709 singulari
1021 4644 1166 4700 numeru,
1182 4625 1209 4688 J.
1231 4624 1306 4692 409,
1325 4629 1356 4700 6,
1378 4619 1467 4687 eloica

192 4729 305 4794 emnia
319 4728 354 4793 iu
373 4727 573 4816 bereiyuitnte
588 4728 811 4810 habebantur,
833 4730 861 4795 id
878 4740 924 4796 est
939 4730 1024 4796 luter
1034 4751 1072 4795 ea
1087 4750 1159 4816 qua
1175 4727 1222 4795 ad
1233 4727 1469 4815 betelanitatem
