3314 5526
659 359 832 416 ...39-

109 521 177 588 qua
187 521 300 579 causo,
313 501 408 583 (dnn.
421 498 742 587 1v‚l8)‚‘scripsissc¹.
756 503 811 569 llis
822 504 975 589 exemplis
986 502 1139 570 addemus
1149 524 1190 568 ea
1199 524 1237 568 eo
1247 525 1384 570 numero

109 609 149 690 (J.
166 608 221 684 35,
238 609 276 687 6;
294 608 352 686 381
367 608 404 687 6;
423 608 477 678 ts,
495 610 531 687 1;
548 608 618 674 Cat.
636 609 691 687 la,
708 610 759 693 3);
777 630 818 676 ca
831 631 890 676 suo
904 631 1042 676 rvrcmero
1058 611 1106 692 (θ.
1123 610 1178 688 33,
1195 609 1240 694 3).
1259 611 1304 676 De
1319 632 1385 697 qua

108 716 357 796 constructione,
385 724 536 801 sequente
564 715 710 794 relativo,
733 716 805 783 vido
832 717 918 783 infra
947 716 1154 784 Constructio
1174 715 1221 782 ad
1236 737 1382 796 sensum,

109 840 184 907 pars
203 821 308 888 lertio.
327 843 331 853 ’

150 926 194 993 Id
206 925 288 995 adeo
302 929 450 1013 pluribus
470 928 547 996 locis
563 928 680 1015 legitur
697 951 705 995 z
725 930 793 997 Cat.
808 930 864 1008 37,
876 931 909 1003 2,
928 927 985 996 sed
997 928 1130 996 omuino
1143 941 1260 996 cuneta
1270 928 1381 1018 plebes

105 1055 393 1102 nocarumrerum
410 1033 519 1101 stadio
536 1033 689 1102 Catilinae
712 1035 841 1125 incepta
855 1034 1038 1126 probabat.
1061 1034 1102 1102 ld
1120 1033 1201 1102 adeo
1216 1058 1307 1102 neore
1320 1057 1380 1102 suo

108 1138 409 1231 uidebaturfaeere,
427 1144 481 1210 ubi
500 1143 641 1210 Kritzius
662 1143 706 1210 sic
724 1140 806 1209 adeo
823 1143 1072 1229 interpretatur:
1098 1170 1110 1204 v
1131 1143 1314 1221 Sallustius,
1329 1144 1380 1208 in-

105 1249 254 1336 qumhac
268 1249 427 1336 particula
440 1270 513 1317 cum
528 1247 564 1315 id
575 1250 740 1336 conjuncta
755 1251 870 1329 utitur,
885 1250 939 1317 ubi
951 1249 992 1316 ad
1010 1269 1216 1337 praegressam
1230 1251 1379 1317 enuncia·

105 1357 225 1422 tionem
240 1357 376 1422 accessio
398 1359 433 1422 lit
450 1357 604 1444 gravioris
627 1356 792 1442 cujusdam
813 1357 990 1424 sententiaa.
1011 1406 1034 1423 ..
1053 1357 1167 1425 Nostro
1194 1357 1291 1442 igitur
1312 1356 1380 1423 loco

105 1482 142 1528 eo
161 1463 514 1530 cumulatnrsententia
533 1463 619 1550 quod
640 1483 746 1530 rernm
761 1482 918 1530 novarum
939 1463 1082 1530 studium
1097 1483 1160 1530 non
1181 1465 1285 1529 solum
1305 1473 1380 1530 tunc

105 1570 268 1655 temporis,
284 1569 339 1636 sed
357 1567 397 1635 dc
411 1591 502 1636 move
517 1570 619 1655 plebis
633 1570 731 1636 luisse
745 1569 874 1636 dicitur.
892 1570 1018 1637 Pariter
1034 1571 1066 1637 in
1083 1570 1145 1637 fine
1160 1571 1305 1656 capitis§
1323 1572 1377 1649 ll,

104 1672 173 1758 (Ad
196 1674 257 1742 boc
269 1673 477 1764 {priscamque
498 1674 643 1744 aliarum
659 1687 758 1764 atque
771 1675 879 1743 senati
883 1675 1037 1766 partium
1060 1687 1167 1756 erasm,
1187 1674 1382 1742 conturbari

103 1780 342 1870 rempublicam
360 1802 462 1869 qoam
475 1781 584 1848 otiaris
596 1781 705 1850 ualere
726 1781 791 1872 ipsi
804 1781 983 1850 malebant.
1003 1781 1046 1849 ld
1055 1781 1138 1850 odeo
1152 1781 1280 1850 molum
1295 1781 1378 1848 mul·

104 1898 347 1977 tospostonnos
358 1886 1066 1977 iacivitatemreverterat),antegressaverba
1077 1911 1114 1957 eo
1125 1890 1376 1975 amplificantur,

103 1995 188 2082 quod
199 1995 343 2082 priorum
363 2015 520 2063 annorum
534 1998 655 2062 malum
668 1997 833 2064 revertisse
851 2008 1046 2064 memoratur
1065 2024 1093 2062 ι.
1112 1997 1159 2064 cl.
1177 1998 1248 2084 lug.
1267 1996 1374 2075 65,3;

105 2101 387 2188 116,1;111,1.

145 2209 354 2276 Pleonasmus
374 2207 533 2275 notandus
561 2211 629 2276 Cat.
648 2211 702 2290 37,
723 2212 755 2291 1,
772 2208 831 2277 sed
842 2208 973 2277 orbano
988 2209 1112 2298 plebes,
1137 2231 1176 2276 ea
1198 2231 1275 2276 ocra
1292 2230 1376 2298 prae·

102 2335 176 2404 ceps
190 2313 275 2381 ierat
288 2313 401 2381 multis
416 2313 455 2381 de
467 2315 587 2394 causis,
609 2317 664 2383 ubi
680 2317 896 2384 nominativus
911 2317 1077 2384 absolutus
1096 2316 1236 2403 primum
1255 2317 1377 2402 positus

102 2432 160 2499 est,
182 2441 218 2489 ac
237 2420 353 2489 deinde
368 2442 555 2510 pronomen,
576 2424 668 2511 cujus
682 2424 746 2490 vim
762 2434 856 2511 nugat
871 2424 1129 2512 particularem,
1144 2443 1201 2509 pro
1216 2443 1290 2489 vero
1304 2423 1377 2489 sub·

98 2528 180 2616 jecto
196 2529 343 2609 habetur,
358 2529 390 2595 id
401 2530 486 2616 quod
497 2528 554 2595 toti
566 2532 731 2597 sententie
741 2550 894 2616 magnum
905 2530 1066 2617 quoddam
1077 2531 1176 2596 robur
1189 2529 1288 2596 addit.
1302 2531 1375 2596 llaec

102 2645 208 2702 antem
222 2637 487 2703 constructionon
501 2637 653 2704 conlundi
667 2637 761 2704 debet
774 2657 846 2705 cum
858 2637 959 2705 altera
970 2637 1040 2717 illa,
1051 2637 1105 2704 ubi
1115 2637 1234 2714 Latini,
1245 2637 1373 2702 nomine

101 2762 276 2830 praegresso
291 2744 521 2831 nonnullisque
531 2743 716 2831 interjectis,
729 2764 792 2811 non
808 2745 997 2832 negligentia
1010 2744 1164 2833 quadam,
1183 2753 1219 2811 ut
1234 2743 1370 2821 videtur,

99 2850 154 2916 sed
170 2851 406 2937 perspicuitatis
420 2871 514 2919 sensu
526 2850 625 2930 ducti,
640 2871 813 2937 pronomen
825 2851 852 2918 is
865 2854 913 2918 vel
928 2850 983 2918 bic
993 2871 1110 2939 ponera
1124 2853 1239 2929 solent,
1257 2861 1291 2915 ut
1306 2851 1370 2916 Cic.

100 2956 133 3022 in
145 2957 215 3023 Cat.
232 2978 266 3034 u,
287 2957 339 3034 12,
356 2958 411 3034 27,
424 2978 511 3023 nanc
525 2955 609 3038 illos,
627 2957 686 3044 qui
695 2956 730 3024 iva
742 2956 823 3024 arbe
836 2968 1076 3036 romanserunt,
1097 2954 1238 3022 monitos
1250 2975 1303 3021 eos
1317 2975 1372 3020 oc-

100 3061 178 3144 lim3
197 3082 254 3149 pro
270 3065 336 3152 lege
351 3065 435 3133 Man.
453 3066 507 3143 12,
520 3064 562 3130 33
574 3087 582 3142 ;
596 3064 634 3130 de
651 3065 705 3130 olli
720 3087 741 3143 ι,
760 3066 814 3144 35,
832 3066 891 3130 127
905 3088 914 3144 ;
928 3065 983 3144 38,
1003 3065 1085 3144 13ι;
1103 3075 1133 3130 ot
1148 3064 1369 3131 Turullium

99 3191 132 3249 v‚·
147 3171 180 3248 l,
197 3170 229 3237 6.
949 3186 951 3190 '

143 3277 179 3342 6ο
195 3274 255 3342 Ille
271 3297 328 3362 pro
348 3274 375 3341 is
388 3296 511 3362 semper
524 3274 655 3342 adhibet
670 3276 842 3343 Sallustius
863 3277 892 3342 in
910 3279 1053 3343 oratione
1068 3277 1211 3364 obliqua,
1229 3287 1265 3344 ul
1276 3274 1372 3361 signi-

99 3382 212 3449 ficetur
228 3383 252 3448 is
268 3383 307 3448 ad
330 3402 422 3469 quem
440 3383 591 3470 dirigitur
605 3384 686 3470 ejus,
707 3404 802 3470 quem
819 3385 1000 3470 loquentem
1021 3383 1144 3450 inducit
1159 3391 1280 3460 auctor,
1298 3402 1370 3448 ora-

99 3489 155 3568 tio,
178 3489 219 3554 ita
237 3499 283 3568 ut,
301 3489 326 3554 si
344 3501 429 3555 recta
444 3493 546 3557 oratio
567 3491 633 3569 fiat,
659 3511 831 3576 pronomen
856 3491 1002 3557 secundae
1026 3511 1168 3577 personae
1188 3489 1370 3575 ponendum

98 3596 151 3675 sit,
168 3606 202 3662 ul
216 3597 285 3682 Jug.
305 3597 339 3674 8,
352 3598 385 3676 2,
399 3595 429 3662 si
436 3619 633 3685 permanere
642 3596 738 3663 vellet
749 3595 783 3663 in
797 3597 864 3664 suis
875 3596 1014 3680 artibus,
1027 3597 1115 3664 ultro
1126 3595 1178 3663 llll
1187 3607 1218 3662 et
1226 3594 1370 3685 pluriam

98 3713 131 3768 et
144 3723 284 3792 veqaum
299 3713 494 3786 venturum;
510 3705 600 3792 cujus
616 3725 659 3770 rev
681 3693 776 3771 causa
793 3705 825 3770 in
841 3724 877 3771 eo
892 3706 953 3770 sita
971 3714 1030 3784 est,
1051 3705 1135 3792 quod
1155 3714 1266 3771 auctor
1279 3722 1369 3768 suam

10 3823 14 3831 “
99 3808 201 3895 ipsius
218 3829 382 3896 personam
400 3809 432 3874 in
449 3811 517 3898 eJus
535 3831 630 3897 quem
645 3813 826 3897 loquentem
839 3811 925 3889 lacit,
945 3814 1048 3878 locum
1063 3811 1244 3890 substituil;
1261 3809 1370 3875 eodem

98 3916 191 3982 modo
206 3936 269 4002 quo
283 3916 474 3983 indicativus
488 3937 545 4005 pro
560 3919 761 4005 subjunctivo
777 3919 908 4003 ponitur
922 3922 955 3983 in
971 3918 1146 3984 enuntiatis
1158 3915 1365 3982 secundariis.

98 4022 255 4090 Similiter
269 4025 339 4110 lug.
358 4026 413 4106 5l,
436 4026 469 4105 1,
485 4024 589 4090 simul
601 4046 717 4106 orave,¹
727 4024 858 4091 bertari
870 4025 989 4091 milites
1003 4046 1043 4091 ne
1060 4023 1244 4114 deficerent,
1262 4060 1303 4071 -
1318 4042 1369 4087 ue·

96 4150 161 4218 que
179 4128 243 4195 illis
262 4141 372 4196 castro
392 4152 469 4210 esse,
486 4152 590 4218 oeque
608 4131 850 4198 rnuoimeutom
871 4130 996 4209 ullum;
1016 4133 1044 4196 J.
1067 4131 1122 4209 62,
1148 4132 1177 4208 1,
1197 4139 1312 4196 caveat
1328 4149 1369 4193 oe

98 4236 155 4302 illo
169 4246 355 4316 cunctante,
371 4236 526 4304 Numidae
539 4237 604 4304 sibi
615 4238 803 4316 rovesuloavr
820 4241 859 4306 cl.
880 4240 989 4320 33,,1;
1006 4239 1062 4319 61,
1079 4240 1117 4319 1;
1133 4239 1188 4316 61,
1200 4240 1238 4318 23
1256 4237 1311 4315 65,
1329 4236 1348 4303 3
1358 4259 1366 4315 ;

96 4343 152 4422 79,
172 4343 210 4423 8;
229 4344 304 4422 106,
324 4346 359 4424 1;
376 4346 452 4423 111,
469 4347 499 4411 1.
520 4383 561 4394 -
577 4347 647 4431 Jug.
665 4347 720 4425 19,
738 4346 770 4425 3,
788 4346 880 4412 illum
900 4343 986 4413 diem
1001 4345 1180 4411 actamnis
1196 4342 1371 4416 laboraret

96 4447 251 4516 victorias
265 4450 554 4540 confirmaturum,
570 4463 631 4518 aut
647 4487 692 4503 -
711 4450 842 4525 initium
855 4453 941 4543 sore,
958 4450 1014 4518 ille
1031 4473 1087 4538 pro
1109 4451 1174 4532 bric,
1193 4451 1274 4548 utin
1294 4470 1367 4516 ora-

96 4556 183 4623 tione
194 4557 432 4645 obliquasolet,
453 4559 587 4645 positum
602 4569 659 4631 est.
743 4575 745 4580 ·
1167 4551 1174 4565 ’

129 4701 151 4756 1,
165 4697 203 4748 ef.
218 4697 300 4763 Krita.
316 4697 349 4748 ad
361 4696 417 4748 Cal.
431 4701 468 4779 62,
483 4701 508 4778 bt
