3314 5526
627 395 800 453 ...79-

77 538 342 630 acquiescendum
357 548 415 604 est.
428 537 470 604 nc
483 537 621 623 primum
631 535 770 602 Kritzius
785 534 924 601 hocloco
939 557 946 599 :
969 561 980 595 ι
999 537 1079 617 (444
1090 536 1215 624 primu,
1229 539 1346 626 inquit,

77 652 121 715 ita
138 649 259 714 dictum
274 656 321 712 est
335 657 370 712 ut
385 645 555 711 relativum
571 654 694 710 tantum
708 642 801 708 modo
815 641 854 708 44
868 663 999 708 sensum
1016 644 1261 729 praecedentium
1277 666 1348 713 ver·

77 757 204 835 borum,
221 753 341 820 44444
364 773 466 840 perores
483 750 740 839 promntotieum
757 750 917 836 respiciat,
940 771 1011 837 quae
1028 751 1153 817 licentia
1167 763 1283 818 natura
1294 774 1348 840 ge-

76 864 238 929 neralium
261 861 428 926 notionum
453 860 578 925 nititur.
605 859 682 938 Quae
701 878 801 945 quum
825 857 961 923 maxime
981 869 1098 923 rreutro
1124 861 1349 944 pronominum

77 980 133 1037 aut
148 969 377 1057 adjectivorum
397 986 514 1055 peracre
538 966 761 1044 enuncientun
783 965 874 1050 cujus
897 965 981 1031 vices
1005 966 1178 1050 saepissime
1198 966 1249 1032 444
1272 967 1350 1033 sub-

76 1077 250 1163 stantivum
272 1096 343 1142 cum
369 1073 555 1159 pronomine
579 1084 635 1139 444
654 1071 808 1159 adjectivo
830 1071 1034 1158 conjunctum
1055 1073 1189 1139 sustinet
1209 1074 1286 1156 (vid.
1310 1074 1350 1140 ad

77 1187 253 1262 Cat.nv1n‚
274 1182 307 1260 8,
326 1203 356 1268 p.
379 1181 421 1246 89
441 1190 472 1246 et
486 1182 605 1265 Herzog
620 1179 659 1246 ad
674 1199 700 1245 c.
719 1200 761 1252 rx.
780 1180 811 1244 4.
830 1199 862 1264 p.
881 1180 952 1263 ll),
971 1179 1130 1246 interdum
1146 1189 1282 1268 utraque
1300 1182 1350 1247 di-

76 1292 168 1358 cendi
191 1292 284 1368 ratio,
315 1308 409 1355 sensu
427 1289 520 1373 plane
548 1308 617 1372 par,
634 1288 679 1352 ita
699 1287 881 1372 copulatur,
907 1287 1052 1352 utnulla
1072 1287 1197 1368 generis
1217 1288 1250 1354 in
1275 1309 1352 1373 prae·

77 1418 183 1485 gresso
211 1383 352 1462 membro
378 1394 460 1461 ratio
486 1394 650 1460 habeatur.
668 1393 716 1460 Cf.
742 1393 954 1460 Rhamshorn.
972 1393 1111 1460 Gramm.
1137 1396 1206 1461 Lat.
1229 1397 1246 1480 ἓ
1272 1397 1349 1474 406,

77 1507 116 1571 Α.
130 1507 163 1580 4,
177 1505 208 1570 5.
224 1526 254 1589 4.
272 1504 349 1580 994,
365 1501 415 1568 44.
433 1523 455 1578 4,
469 1503 523 1586 qui
540 1501 623 1566 hune
635 1520 726 1566 usum
745 1520 799 1585 per
814 1519 922 1566 omnes
938 1510 1045 1585 partes
1060 1511 1185 1567 secutus
1198 1511 1245 1567 est
1252 1525 1261 1581 ;
1277 1504 1349 1589 444.

80 1612 156 1687 tue,
167 1612 200 1685 9,
213 1609 440 1676 ltumauurum
455 1628 566 1673 rerum
578 1608 718 1696 fortuna
727 1605 888 1696 pleraque
901 1606 999 1695 repit3
1013 1618 1071 1674 etc.
1089 1635 1157 1667 ›-
1167 1610 1353 1694 Sequuntur

78 1720 182 1787 muita
196 1716 292 1804 hujus
311 1715 555 1782 constructionis
575 1716 720 1800 exempla
737 1714 908 1801 exquibus
929 1735 1029 1780 unum
1052 1715 1111 1780 544
1131 1716 1266 1782 reseram
1289 1719 1353 1782 :Ia

79 1845 132 1890 me
154 1821 284 1914 quiduis
305 1821 426 1889 laurum
452 1842 564 1887 rerum
584 1819 743 1900 conuenit,
760 1841 833 1908 quae
853 1831 932 1887 sunt
959 1818 1047 1886 dicto
1067 1820 1101 1886 in
1123 1820 1261 1888 stultum
1287 1824 1354 1909 (Τ4

80 1942 161 1998 rent.
179 1933 349 1997 Heautont.
375 1950 406 2007 r,
434 1950 457 2008 1,
475 1929 522 2013 3).
544 1929 593 1994 Gi.
611 1929 706 1993 etiam
726 1949 797 2013 quae
816 1927 942 2014 scripsit
957 1929 1041 1994 idem
1058 1929 1097 1994 44
1109 1929 1254 2009 carate,
1269 1931 1303 2008 8,
1324 1941 1355 1996 44

82 2039 162 2104 4444
187 2037 367 2122 exemplum
390 2037 448 2102 hoc
473 2036 544 2120 Jug.
571 2037 602 2111 4,
624 2036 657 2114 5,
685 2031 827 2115 Quodsi
852 2032 1041 2100 hominibus
1069 2036 1227 2102 bonarum
1247 2057 1357 2104 rerum·

84 2157 177 2211 444444
203 2166 285 2210 curo
304 2153 393 2222 esset,
420 2153 544 2229 quanto
563 2139 672 2207 studio
693 2142 799 2207 aliena
822 2163 861 2206 ue
884 2139 972 2207 444444
988 2144 1157 2228 444444444
1182 2142 1355 2232 multoque

81 2250 183 2317 etium
193 2249 382 2339 periculosa
390 2259 519 2337 potunt.
533 2248 697 2314 -Kritzii
714 2248 862 2335 equidem
876 2248 1021 2333 opinioni
1034 2251 1128 2333 plane
1144 2252 1311 2331 assentior,
1325 2260 1356 2318 at

82 2360 176 2425 nullo
195 2358 289 2424 modo
313 2343 351 2422 ea
380 2357 514 2442 probare
535 2375 663 2441 possum
684 2375 756 2441 quae
777 2355 987 2422 nnschtitzius
1004 2356 1040 2442 (Ι.
1060 2357 1081 2421 l.
1105 2377 1136 2442 p.
1165 2358 1219 2443 45)
1242 2379 1279 2423 ex
1296 2360 1356 2425 Fa·

83 2466 158 2544 urit,
171 2476 224 2561 ‘ut
244 2464 382 2541 videtur,
409 2463 566 2529 sententia
591 2463 645 2548 (44
665 2464 733 2529 Cat.
756 2464 789 2541 5,
809 2462 843 2546 7)
863 2463 963 2540 44444,
984 2456 1104 2529 scilicet
1127 2485 1191 2531 uno
1210 2465 1355 2532 feminini

84 2572 209 2660 generis
229 2570 426 2637 substantivo
448 2554 659 2656 4444444444,
677 2589 852 2656 44444444
867 2569 950 2654 4444
968 2569 1007 2634 44
1024 2569 1056 2634 id
1067 2571 1225 2655 pertineat
1242 2573 1357 2639 nihilo·

82 2681 189 2746 minus
212 2690 325 2744 neutro
344 2697 458 2762 444444
482 2689 672 2763 usurpatum
691 2676 842 2755 inveniri,
859 2679 1040 2762 exemplum
1056 2679 1191 2747 laudans
1204 2680 1274 2765 444.
1300 2680 1355 2759 44,

84 2788 115 2853 4.
132 2788 201 2852 Ν44
220 2785 318 2864 enim,
335 2784 478 2872 quolibet
488 2783 686 2849 substantivo
700 2783 908 2870 praecedente,
924 2783 976 2849 sed
993 2794 1117 2852 tantum
1130 2807 1180 2851 res
1195 2806 1269 2852 voce
1285 2806 1357 2852 cum

85 2894 240 2980 adjectivo
254 2903 309 2958 aut
330 2891 515 2978 pronomine
528 2891 651 2977 juncta,
669 2891 735 2956 544
750 2891 943 2956 constructio
960 2891 1084 2957 relativi
1104 2904 1216 2986 neutro
1238 2894 1357 2980 plurali

83 2997 744 3086 invenitur.Rectiusverodicitilteeodem
754 2999 1009 3083 loco‚nunquam
1018 2999 1240 3065 attractionem
1249 3000 1359 3066 admit·

82 3107 210 3174 4444444
224 3126 303 3185 esse,
321 3106 382 3172 nisi
401 3124 537 3191 sequens
553 3105 754 3186 vocabulum,
772 3103 812 3170 44
827 3104 912 3190 4444
929 3125 1103 3191 pronomen
1114 3117 1244 3192 spectet,
1262 3107 1359 3174 conti·

84 3225 201 3281 neatur
216 3213 345 3279 nomine
360 3213 469 3307 aliquo
483 3211 692 3277 substantivo.

128 3323 175 3387 Ex
194 3321 233 3387 iis
251 3321 346 3406 igitur
360 3340 431 3405 444
444 3319 652 3384 disseruimus
664 3320 735 3404 444.
754 3319 808 3395 44,
832 3319 846 3383 4
871 3319 1060 3407 Sallustium
1076 3339 1140 3386 non
1156 3321 1358 3402 attractione,

83 3428 140 3494 sed
154 3449 192 3494 ea
207 3448 277 3513 quae
292 3427 410 3492 dicitur
425 3422 471 3492 ad
491 3446 622 3492 seruum
635 3427 881 3503 constructione,
898 3445 991 3492 usum
1006 3447 1073 3493 esse
1092 3436 1179 3514 patet
1194 3427 1216 3494 ¹.

119 3675 142 3719 4.
160 3668 273 3718 Unicum
287 3681 349 3716 sune
359 3664 507 3728 exemplum
521 3670 561 3714 444
575 3663 691 3714 Sallustii
706 3665 766 3728 lug.
776 3668 816 3726 54,
832 3667 862 3715 54
877 3667 974 3717 contra
988 3679 1018 3716 eu
1031 3666 1201 3732 oppidorum
1213 3680 1362 3731 proxumos

86 3753 161 3792 scau
174 3741 291 3795 uoluere,
307 3738 394 3798 sudes,
409 3738 477 3801 pito,
494 3739 628 3815 practerea
645 3735 732 3800 picem
750 3728 882 3800 sulphure
902 3741 927 3787 et
948 3737 1016 3789 4444
1028 3739 1147 3790 rutatum
1161 3739 1280 3789 ardentia
1300 3741 1361 3790 mtt-

87 3813 153 3870 4444
170 3808 213 3857 ubi
231 3816 301 3857 recte
322 3807 461 3867 nordanae,
477 3806 631 3886 scripturam
652 3805 767 3854 Parisini
783 3805 881 3855 codicis
899 3812 1012 3864 eecut‚us
1029 3807 1268 3889 interpretationem
1282 3809 1361 3858 Curtii
1448 3845 1450 3849 -

85 3889 112 3930 et
126 3879 258 3930 Gerlaehii
271 3878 442 3935 confirmavit,
458 3892 501 3941 qur
494 3876 637 3928 ardentia
651 3875 685 3924 ad
697 3877 748 3924 tria
762 3876 921 3925 substantiva
934 3878 1032 3926 diversi
1044 3879 1148 3942 generis
1159 3879 1283 3929 referunt.
1298 3881 1361 3937 Quae

85 3951 245 4001 constructio
258 3965 307 3999 non
322 3950 430 3998 multum
448 3963 510 3996 sane
525 3947 656 4011 discrepat
667 3948 698 3996 ab
714 3963 746 3996 ea
757 3962 809 4011 qua
821 3946 928 4011 pluralis
943 3964 1065 3998 uumerus
1079 3932 1244 4009 adhibeatur,
1257 3951 1362 4000 eumad

86 4024 139 4073 duo
154 4022 312 4072 substantiae
327 4020 507 4085 conpunctione
528 4034 587 4070 cum
603 4020 670 4068 inter
686 4019 815 4084 sejuncta
835 4020 972 4082 pertineat,
986 4028 1014 4070 ut
1028 4022 1082 4071 Cat
1097 4025 1135 4081 43,
1151 4024 1174 4082 4,
1193 4023 1252 4086 lug.
1268 4025 1322 4082 494,
1338 4026 1361 4083 5,

86 4102 155 4144 etc.
150 4133 156 4156 ,
168 4103 288 4143 neutrum
302 4108 362 4142 vero
375 4093 431 4154 jure
452 4100 602 4154 usurpatur,
624 4091 645 4139 si
666 4091 741 4155 plura
756 4090 860 4140 nomina
882 4092 978 4141 diversi
998 4092 1101 4156 generis
1120 4093 1279 4156 praecedant,
1298 4109 1362 4157 quo·

85 4181 145 4216 rum
162 4165 212 4213 duo
232 4165 367 4221 feminino,
382 4178 461 4211 unum
480 4177 541 4211 vero
564 4171 655 4211 neutro
671 4177 766 4225 genere
787 4162 828 4212 sit.
844 4163 899 4212 Nec
915 4163 991 4213 video
1013 4179 1059 4213 cur
1073 4165 1188 4214 Kritzius
1205 4165 1248 4229 (ud
1263 4166 1289 4214 h.
1302 4165 1320 4216 4.
1336 4181 1361 4229 4.

87 4237 144 4299 343)
155 4236 206 4285 544
222 4236 258 4284 ita
273 4235 327 4284 fleri
344 4233 414 4283 nullo
429 4234 506 4282 modo
525 4249 603 4296 posse
618 4233 739 4291 affirmet,
753 4234 875 4293 quoniam
890 4234 941 4283 duo
958 4235 1104 4299 posteriora
1114 4235 1239 4285 vocabula
1252 4251 1302 4285 non
1317 4252 1363 4300 pa·

86 4323 146 4357 rem
159 4307 287 4356 rationem
302 4322 359 4356 cum
372 4321 434 4354 voce
447 4306 537 4370 picem
551 4305 673 4360 habeant,
685 4305 731 4353 sed
744 4311 843 4354 tantum
855 4305 932 4355 modo
947 4306 979 4355 ad
994 4321 1052 4355 eam
1067 4306 1237 4356 deliniendam
1249 4309 1363 4360 valeant.

90 4379 171 4431 raeuo
185 4379 253 4428 enim
269 4394 317 4427 vox
338 4378 379 4427 hic
401 4393 451 4426 uon
466 4379 587 4426 arborem
606 4377 751 4453 quemdam
757 4386 801 4426 aut
792 4378 913 4426 tessulas
927 4377 996 4426 illiue
1011 4379 1123 4441 arboris,
1139 4379 1184 4428 444
1199 4395 1305 4429 succum
1319 4380 1363 4463 qui

87 4465 120 4498 ex
142 4447 364 4512 eadefluitdesig
349 4456 420 4504 enat,
434 4448 476 4512 (cl
492 4447 557 4498 Caes
574 4447 605 4495 de
621 4446 723 4496 bello
701 4463 750 4497 civ
764 4464 791 4504 11,
809 4451 834 4497 44
824 4451 979 4511 244444
995 4450 1060 4500 tatto
1073 4464 1105 4500 uc
1119 4464 1176 4514 pecc
1193 4451 1333 4516 refertus
1322 4466 1364 4502 tu

92 4521 229 4582 44444444),
249 4520 358 4583 ideoque
371 4534 430 4568 cum
444 4519 575 4582 sulphure
590 4524 615 4567 et
628 4520 687 4582 pice
702 4530 821 4568 naturam
836 4518 946 4568 similem
964 4520 1049 4579 habet,
1063 4520 1158 4602 quippe
1173 4537 1231 4585 quae
1250 4522 1325 4571 facile
1340 4530 1366 4572 et

88 4591 148 4656 ipsa
168 4590 350 4640 inflammetur.
376 4590 490 4639 Kritziue
515 4605 547 4639 ex
564 4589 670 4638 arbitrio
686 4596 782 4639 textum
795 4599 967 4655 contorquens
982 4591 1107 4656 scripsit:
1120 4597 1256 4657 practerea
1271 4594 1367 4658 piceae

89 4661 225 4727 sulphure
248 4664 342 4714 444444
362 4662 484 4714 minctum
499 4661 608 4712 4444444·
628 4662 741 4723 mittere,
763 4671 789 4711 ec
806 4661 904 4714 4444444
919 4677 967 4726 444
982 4662 1080 4715 44444444
1100 4664 1152 4717 4444
1164 4664 1365 4730 4449444444-

90 4735 290 4786 4444454544.
