3314 5526
729 436 923 493 -era-

180 585 264 650 inter
279 583 438 670 loquentis
452 574 688 666 cogitationem,
705 594 735 645 et
750 579 855 665 ipsum
871 578 953 644 ittud
971 578 1057 664 quod
1076 577 1244 664 participio
1257 577 1465 643 deciaratum

180 700 266 768 erat;
288 691 361 755 item
380 687 565 775 temporalis
585 706 695 763 nexus,
718 705 781 771 quo
796 685 953 750 sententia
971 684 1104 751 relativa
1123 704 1195 750 cum
1216 684 1373 770 primaria
1391 704 1463 749 sen·

183 797 280 862 tentia
294 796 512 883 conjungitur,
531 805 676 859 accurate
691 791 890 858 denotandus
906 792 962 857 est.
981 792 1019 856 Et
1034 791 1175 876 quidem,
1193 800 1229 857 ut
1243 791 1400 870 diximus,
1418 811 1464 856 re·

183 904 316 969 dativum
331 902 538 968 enunciatum
564 919 689 985 semper
704 899 848 965 adbiberi
870 908 983 984 potest,
1008 898 1073 964 sive
1094 899 1268 990 singularis
1290 897 1374 963 actio
1396 897 1463 964 sive

181 1011 384 1078 continuatus
404 1017 504 1075 status
527 1006 729 1073 denotandus
753 1016 818 1083 est3
843 1005 1046 1091 participium
1068 1015 1174 1071 autem
1190 1004 1339 1091 adjectivi
1359 1005 1392 1071 vi
1411 1025 1464 1092 po

181 1118 277 1183 situm
292 1135 355 1183 non
370 1115 432 1181 nisi
446 1115 491 1181 ita
507 1114 652 1180 adhiberi
670 1122 784 1200 potest,
799 1122 835 1179 ut
847 1123 1044 1179 constantem
1059 1122 1178 1179 statum
1188 1111 1357 1199 significet,
1374 1112 1463 1179 uude

182 1223 217 1289 fit
232 1232 266 1288 ut
285 1242 348 1287 uon
365 1241 488 1308 semper
508 1241 564 1305 pro
581 1220 723 1286 relativis
738 1220 916 1285 enuntiatis
934 1219 1008 1303 puni
1024 1219 1133 1304 possit.

227 1331 259 1394 tt
285 1329 342 1396 Ubi
372 1347 544 1414 pronomen
577 1328 746 1393 relativum
776 1337 890 1411 praeter
922 1325 1203 1392 demonstrativam
1232 1327 1294 1392 vim
1327 1325 1465 1393 adciscit

182 1435 429 1503 conditionalem
451 1434 729 1522 significationem,
752 1434 797 1498 ita
826 1440 861 1499 u't
881 1437 996 1499 umnes'
1011 1453 1072 1510 res,
1093 1453 1165 1518 quae
1190 1433 1307 1499 cadunt
1334 1433 1367 1497 in
1392 1451 1464 1499 cer·

182 1553 247 1609 tam
265 1544 412 1629 speciem,
435 1541 638 1618 denotentur,
661 1541 867 1628 enunciatmn
889 1541 1057 1606 relativum
1078 1538 1295 1605 adhibendum
1319 1549 1397 1606 est:
1426 1559 1465 1605 ex

173 1647 229 1735 'gr
247 1651 316 1716 Cat.
335 1650 366 1728 1,
384 1650 415 1726 1,
433 1647 539 1714 omrzis
553 1645 714 1725 domines,
731 1648 785 1732 qui
802 1667 870 1712 sese
886 1647 1013 1712 student
1024 1657 1185 1735 prestere
1203 1644 1315 1712 ceteris
1330 1644 1464 1711 animu-

185 1755 282 1836 111113,
299 1775 507 1842 δαηυηαορο
525 1753 589 1819 niti
609 1751 711 1830 decet,
734 1755 786 1819 ubi
808 1754 966 1819 sententia
981 1753 1114 1819 relativa
1132 1753 1212 1818 nibit
1232 1753 1294 1818 sibi
1310 1755 1379 1818 vult
1400 1755 1465 1819 uisi

184 1872 217 1929 ut
231 1882 345 1928 nomen
369 1862 473 1946 ipsum
493 1862 542 1927 cui
560 1861 705 1945 apposita
720 1870 767 1951 est
782 1870 928 1926 accurate
940 1873 971 1925 et
987 1860 1133 1926 distincte
1155 1859 1341 1940 definiatur,
1365 1855 1467 1925 itaut

186 1979 279 2051 certae
299 1969 413 2054 speciei
438 1969 525 2034 notio
547 1967 683 2033 oriatur.
706 1969 738 2034 Si
752 1966 962 2054 participium
976 1967 1163 2033 adhibemus
1180 1956 1385 2049 (studentes),
1400 1966 1466 2033 du·

186 2079 257 2163 pier
283 2075 504 2161 interpretatio
528 2077 630 2140 locum
648 2075 763 2141 babere
788 2083 913 2160 potest:
935 2074 962 2140 si
986 2073 1176 2159 adjectivum
1195 2093 1262 2139 esse
1276 2075 1465 2152 statuimus,

186 2182 330 2249 camdem
355 2183 420 2248 vim
445 2183 472 2248 ei
494 2182 635 2248 tribuere
659 2179 809 2246 debemus
834 2190 928 2266 etque
952 2181 1117 2245 sententia
1140 2181 1297 2256 relativae3
1318 2180 1370 2245 sin
1385 2201 1466 2247 vero

187 2290 393 2375 participium
416 2308 472 2373 pro
493 2288 647 2374 adjectivo
669 2307 732 2353 non
753 2288 917 2366 babemus,
945 2286 1095 2352 debemus
1117 2288 1220 2352 iocum
1239 2287 1337 2352 ubter
1361 2288 1467 2353 inter-

188 2397 316 2482 pretari.
334 2397 413 2461 Nam
427 2396 645 2480 participium,
663 2394 747 2479 quod
763 2395 927 2479 propriam
941 2393 1028 2459 verbi
1046 2395 1109 2458 vim
1123 2395 1249 2471 retinet,
1266 2381 1329 2482 non
1346 2413 1467 2460 nomen

189 2503 293 2589 ipsum
311 2505 411 2568 artius
429 2502 553 2582 definit,
573 2501 624 2568 sod
650 2502 790 2566 continet
804 2498 903 2566 totum
919 2520 1046 2578 nomen,
1064 2499 1096 2565 id
1116 2512 1163 2566 est
1177 2520 1291 2572 omncs,
1303 2501 1464 2566 bomines.

187 2611 297 2694 ltaque
318 2629 380 2674 non
407 2610 543 2674 alterum
563 2629 661 2694 genus
683 2609 846 2673 bominum
862 2607 954 2672 atteri
975 2607 1158 2692 opponitur,
1176 2606 1230 2672 sed
1249 2607 1384 2672 deomni
1405 2627 1465 2694 ge-

188 2735 263 2781 nere
284 2716 450 2780 bominum
474 2716 594 2799 [rariter
618 2715 740 2800 agitur,
766 2715 798 2778 in
828 2733 936 2778 omnes
956 2713 1098 2788 homines
1117 2714 1236 2798 pariter
1253 2713 1351 2793 cadit,
1375 2713 1466 2800 quud

188 2823 284 2888 verbo
304 2821 396 2887 finito
411 2821 614 2900 enunciatur,
636 2831 775 2886 attamen
789 2840 825 2886 ea
840 2819 1023 2886 conditione
1039 2829 1074 2886 ut
1090 2820 1237 2886 studeant
1253 2820 1275 2886 ¹.

232 2930 301 2994 Jam
317 2932 390 2994 ver'u
406 2928 548 3012 singulas
568 2930 800 2994 sententiarum
820 2928 1028 2994 relativarum
1043 2929 1161 3013 species
1180 2949 1252 3014 quae
1269 2929 1334 2994 ,buc
1348 2930 1466 3014 perti-

94 3096 106 3109 ,
162 3072 164 3077 ·
189 3044 267 3101 nent
283 3055 523 3121 persequamur.
541 3036 685 3101 Primum
698 3042 814 3100 'notum
839 3046 885 3100 est
905 3035 1075 3121 participia
1093 3032 1212 3115 dictus,
1233 3046 1379 3116 vocatos,
1401 3057 1467 3100 me·

188 3153 348 3222 inuretur,
366 3142 404 3208 ad
416 3141 628 3208 denotandam
639 3154 756 3209 certam
772 3162 835 3207 rem
847 3144 893 3209 vei
912 3162 1078 3228 personam
1089 3161 1159 3208 curn
1172 3142 1330 3208 adverbiis
1343 3163 1465 3232 strpere,

188 3248 295 3338 infru,
317 3249 375 3330 sic,
393 3249 567 3326 similibus,
598 3267 660 3314 non
682 3269 771 3335 posse
788 3248 951 3335 conjungi,
970 3249 1022 3315 ubi
1043 3248 1144 3314 Graeci
1160 3249 1332 3315 articulum
1366 3269 1468 3334 pone·

189 3368 273 3436 rent,
290 3357 436 3423 sedbanc
446 3357 600 3433 orationis
612 3357 746 3422 formam
762 3357 906 3423 adbiberi
924 3379 931 3421 ε
948 3377 1047 3444 quem
1065 3357 1113 3422 vel
1128 3353 1168 3421 de
1182 3377 1247 3444 quo
1260 3377 1363 3445 surpra
1378 3355 1465 3437 diei,

190 3466 239 3530 vei
261 3463 447 3529 memoravi
456 3490 463 3544 ;
481 3473 512 3529 et
525 3467 569 3529 sic
587 3465 718 3550 quidem
734 3462 1035 3549 apudSaliustium,
1051 3484 1100 3529 ex.
1118 3484 1165 3549 gr.
1183 3465 1252 3530 Cat.
1275 3465 1307 3542 5,
1323 3466 1355 3541 7,
1372 3475 1470 3531 utro·

191 3591 254 3658 que
267 3569 318 3636 tis
334 3569 462 3636 ortibus
477 3583 630 3646 eiecerat,
642 3591 726 3658 ques
738 3591 842 3658 supro
853 3570 1035 3636 memoravi
1043 3596 1052 3652 ;
1068 3571 1136 3638 Cat.
1147 3570 1202 3648 26,
1217 3570 1249 3637 3.
1266 3572 1304 3652 Q.
1328 3570 1467 3654 Curius,

191 3674 231 3741 dc
251 3696 316 3763 pcto
325 3674 434 3765 poulo
454 3688 530 3743 onte
544 3677 746 3756 memoravi3
768 3678 808 3743 cf.
827 3679 895 3744 Cat.
918 3677 973 3754 20,
987 3679 1017 3757 1;
1034 3678 1133 3756 57,1;
1150 3679 1218 3762 Jug.
1232 3679 1287 3753 25,
1299 3678 1468 3757 nter&
1520 3756 1527 3769 ⁵

236 3783 358 3851 lteinde
378 3810 389 3844 ι
407 3784 564 3850 sententia
576 3785 848 3850 reiat‘ivaomnino
862 3783 1042 3850 adhibenda
1055 3794 1113 3864 est,
1127 3784 1180 3849 ubi
1193 3784 1231 3850 ad
1245 3785 1468 3871 participium,

192 3890 218 3956 si
239 3902 423 3975 poneretur,
446 3891 603 3957 ablativus
623 3912 766 3978 personae
788 3891 923 3978 aiicujus
937 3911 1009 3957 cum
1030 3891 1253 3976 prepositione
1272 3913 1294 3956 α
1312 3892 1471 3978 cunjunc-

192 4006 244 4062 tus
260 3998 421 4065 accederet
439 4018 564 4065 necesse
576 4009 667 4065 esset.
693 4000 768 4064 Nam
789 3998 896 4064 addito
913 3998 1041 4084 proprio
1058 4008 1090 4063 et
1105 3999 1245 4063 naturali
1277 3998 1431 4083 subjecto,
1451 4021 1472 4067 a

193 4124 255 4189 que
271 4105 364 4182 actio,
377 4103 471 4192 'cujus
486 4107 615 4172 effectus
631 4105 799 4192 participio
815 4103 988 4184 indicatur,
1003 4105 1138 4181 effluxit,
1156 4104 1303 4190 specialis
1322 4105 1472 4173 redditur

194 4212 355 4297 participii
375 4233 484 4292 causa,
512 4213 554 4277 ita
570 4223 682 4278 utnon
699 4213 759 4278 nisi
779 4221 897 4278 certam
915 4232 980 4278 rem
993 4211 1173 4296 significare
1193 4211 1303 4298 possit,
1327 4213 1359 4279 id
1379 4214 1469 4299 quod

195 4318 343 4384 abhorret
358 4340 376 4384 a
391 4319 520 4405 propria
540 4319 607 4404 ejus
624 4320 654 4384 vi
675 4339 710 4385 ac
730 4329 858 4405 natura,
877 4328 911 4384 ut
924 4321 995 4405 Jug.
1019 4320 1056 4396 5,
1084 4320 1114 4387 1.
1136 4317 1259 4384 bellum
1282 4318 1471 4408 scripturus

194 4444 280 4504 sunt,
298 4423 387 4510 qood
393 4424 715 4515 populusRomunns
729 4446 804 4492 cunt
812 4424 980 4513 anrtrtdu
991 4447 1066 4514 repe
1074 4423 1300 4494 Numidarum
1307 4425 1435 4514 pessit³.
1451 4455 1465 4487 ι

225 4623 248 4669 1.
267 4618 340 4682 Libe,
356 4619 384 4683 (l.
400 4619 418 4672 1.
431 4635 456 4684 p.
469 4620 528 4678 ott,
542 4636 618 4684 quem
632 4621 685 4672 sere
697 4620 729 4671 ad
746 4621 850 4670 verbum
865 4621 1047 4685 expressimus.

225 4701 249 4750 2.
262 4699 338 4760 Lilia,
351 4715 379 4764 p.
399 4702 436 4750 rt.

225 4782 251 4830 ³.
268 4779 342 4838 Lilia,
362 4796 386 4844 p.
402 4783 438 4829 rs.
