3314 5526
722 383 919 441 -ibll-ss-

185 534 290 610 putus.
316 526 416 595 Plene
435 527 610 595 absurdum
635 528 886 614 profectusum,
908 528 936 594 si
959 528 1032 615 quis
1057 527 1252 593 infinitivum
1268 528 1462 594 historicum

185 630 216 699 iu
233 633 413 700 enunciatis
426 642 544 701 statum
559 634 701 721 aliquem
721 634 754 700 in
774 635 936 721 praeterito
958 635 1208 720 exprimentibus
1226 634 1379 700 adbibere
1395 637 1461 700 vel·

185 738 240 812 let,
258 751 292 806 ut
306 739 376 808 Cat.
398 741 433 819 b,
447 742 480 820 b,
501 739 679 829 imperium
701 739 909 830 lupinorum,
925 761 1044 807 nomeu
1062 739 1184 830 tmperi
1199 739 1329 828 replum
1353 738 1460 806 babe-

184 841 280 926 baut3
297 842 423 922 delecti,
441 845 562 935 quibus
576 869 695 937 corpus
709 847 812 914 armis
831 846 1014 926 infirmum,
1031 847 1202 936 impensum
1221 846 1460 936 sapientialem

183 947 289 1020 lilium
303 964 388 1034 crat,
405 951 604 1041 reipublice
613 952 862 1021 consultabant:
875 953 907 1020 ei
916 951 970 1019 uei
978 953 1135 1020 utatcuel
1141 975 1229 1021 escrae
1239 952 1461 1020 similitudine

177 1069 296 1149 patres
323 1059 593 1149 appellabantur,
622 1072 654 1127 et
681 1061 853 1127 similibus.
878 1062 969 1127 Nune
991 1061 1287 1128 uerusonlernntur
1314 1062 1396 1140 inca,
1423 1069 1462 1126 ut

182 1165 252 1251 lup.
275 1167 329 1246 ii,
345 1167 378 1245 b,
405 1165 457 1233 uti
476 1168 595 1254 cuique
618 1165 763 1246 lubebat,
784 1165 827 1232 ab
841 1165 945 1256 siquis
962 1165 1092 1247 aberat,
1113 1165 1189 1234 liuae
1198 1167 1364 1258 permisti
1381 1186 1460 1232 eccm

183 1269 346 1341 militibus
359 1270 417 1341 sliu
436 1285 600 1362 noctuque
622 1271 845 1361 uapobautur‚
861 1284 895 1339 et
901 1274 1059 1361 palantes
1079 1286 1333 1362 cyraeneum,
1360 1272 1459 1339 viltas

183 1398 387 1470 eapupaace,
400 1380 533 1469 pecoris
556 1392 588 1447 et
605 1378 851 1471 mancipiorum
872 1379 1004 1469 prendas
1027 1391 1189 1447 certantes
1216 1401 1325 1467 apere,
1352 1400 1463 1468 eaque

183 1495 313 1553 mutare
331 1506 407 1553 cum
433 1485 671 1554 mercatoribus
691 1486 767 1553 uiuo
786 1484 960 1553 aduecticio
983 1499 1016 1552 ct
1035 1485 1112 1552 aliis
1137 1485 1271 1567 talibus,
1293 1498 1462 1575 preterca

180 1590 544 1684 scuviculumpublicc
568 1590 856 1670 autumnalibus,
875 1615 1004 1684 partem
1027 1592 1062 1659 iu
1091 1592 1160 1660 dies
1198 1593 1352 1660 mercari.
1384 1594 1461 1659 Haec

182 1699 292 1767 umnie
312 1719 375 1768 unu
403 1699 576 1786 eodemque
601 1711 754 1787 tempore,
767 1701 904 1767 diversis
924 1701 1129 1779 leuissimi,
1151 1701 1191 1766 nb
1207 1720 1271 1766 uno
1290 1701 1339 1766 vel
1358 1702 1461 1785 pluri·

185 1806 402 1894 insumpta
424 1807 538 1895 majori
555 1809 603 1875 rel
627 1808 742 1875 minari
764 1806 912 1874 lixarum
926 1829 1001 1874 cum
1020 1806 1182 1873 militibus
1197 1808 1458 1895 permistorum,

184 1913 316 1983 ulternis
332 1914 455 1983 vicibus
470 1913 540 1982 lieri
555 1925 698 2002 possunt.
717 1914 775 1984 Ubi
790 1935 865 1982 vero
880 1915 1052 2001 singularis
1073 1915 1156 1981 actio
1170 1914 1367 2001 designatur,
1384 1933 1460 1999 per-

184 2020 300 2090 lectum
324 2032 469 2108 apparet,
492 2032 528 2090 ut
553 2022 584 2089 in
606 2022 809 2089 conclusione
828 2022 924 2107 hujus
948 2022 1029 2087 loci:
1051 2032 1217 2110 postremo
1241 2040 1461 2108 quercumque

182 2124 250 2195 dici
260 2138 321 2194 aut
331 2127 418 2219 fiupi
428 2126 918 2217 queuutipnaoiseluuuriuquc
924 2126 1051 2217 probra
1062 2126 1096 2194 iu
1110 2125 1167 2194 illo
1179 2125 1324 2218 caercitu
1338 2136 1461 2193 cccucta
1565 2157 1569 2163 ·

182 2239 275 2321 suere
289 2245 321 2303 ct
333 2232 403 2303 alia
418 2234 573 2325 amplius.
597 2235 648 2303 Sic
665 2236 698 2302 in
716 2237 784 2303 Cet.
807 2235 862 2313 60,
881 2237 912 2315 b,
930 2255 987 2321 per
1002 2235 1176 2301 infinitivus
1192 2234 1358 2301 historicos
1370 2232 1459 2299 vide-

144 2378 148 2387 ·
182 2361 254 2411 mus
268 2342 441 2411 Catilinam
456 2344 560 2410 verius
576 2342 715 2410 actiones
730 2362 795 2410 une
810 2342 983 2428 eodemque
997 2353 1138 2428 tempore
1158 2341 1240 2408 mira
1259 2361 1331 2408 cum
1345 2341 1461 2407 reloci-

183 2457 246 2517 tete
266 2459 422 2536 egentem.
444 2449 485 2518 bt
500 2448 533 2517 in
553 2449 615 2517 line
635 2449 725 2516 addit
747 2450 883 2534 scriptor
903 2449 1028 2535 aliquid
1043 2448 1129 2534 quud
1153 2457 1270 2514 statum
1286 2449 1394 2533 potius
1415 2448 1462 2512 in·

182 2554 277 2633 diunt,
295 2575 394 2643 quum
410 2555 508 2624 dicit:
526 2555 653 2625 streuui
665 2555 779 2623 militis
797 2566 831 2623 ct
844 2554 923 2622 boui
936 2553 1148 2645 imperatoris
1162 2553 1277 2644 officia
1291 2552 1395 2620 umeri
1408 2575 1473 2619 eac-¹

183 2660 398 2752 sequutum
415 2662 521 2750 ituque
537 2662 755 2751 imperfectum
776 2664 849 2750 jure
865 2676 1052 2748 usurpetur,
1070 2662 1125 2729 ubi
1153 2661 1333 2728 infinitivus
1355 2661 1462 2726 mirus

186 2768 323 2856 prolecto
341 2780 433 2836 esset.
460 2769 507 2836 Cl.
529 2770 601 2857 lug.
642 2769 697 2849 72,
718 2770 752 2848 2,
773 2778 804 2835 et
831 2770 887 2849 96,
921 2771 955 2849 2,
977 2770 1031 2835 ubl
1053 2768 1281 2855 consequentis
1302 2768 1462 2834 laetorum

185 2875 384 2962 singulorum
405 2876 453 2943 bis
473 2876 579 2944 verbis
599 2895 655 2963 per
676 2877 860 2962 perlectum,
879 2887 913 2941 ut
936 2877 1055 2942 lectum
1076 2876 1223 2961 simplex,
1248 2874 1458 2960 exprimitur:

185 2980 305 3073 quibus
320 2980 416 3050 robus
431 2994 462 3050 ct
476 2980 603 3050 actibus
618 2981 709 3049 breui
716 2980 1064 3070 Mariomilitibusque
1075 2982 1276 3047 carissumus
1286 2981 1411 3069 sactus.
1533 3009 1536 3016 ·

229 3089 311 3157 Sunt
331 3100 432 3157 tumen
449 3089 595 3175 quendem
609 3089 677 3156 loce
693 3089 725 3156 in
741 3087 859 3175 quibus
873 3087 1032 3175 decipitur
1048 3087 1144 3162 ratio,
1160 3107 1260 3174 quum
1286 3088 1461 3173 perlectum

186 3204 242 3263 nut
253 3215 390 3283 premens
401 3195 587 3264 historicum
603 3206 659 3263 eut
674 3195 769 3262 etism
784 3195 1002 3280 imperfectum
1022 3204 1189 3280 appareat,
1205 3194 1258 3260 ubi
1281 3193 1462 3258 infinitivus

182 3302 255 3392 jure
275 3303 480 3390 usurpandus
501 3303 659 3371 ridentur.
686 3303 795 3390 Neque
818 3301 889 3368 ideo
908 3301 1086 3388 putendum
1110 3310 1157 3367 est
1175 3301 1239 3390 illis
1263 3299 1462 3384 temporibus

185 3410 329 3479 eumdum
348 3419 444 3497 utque
461 3410 619 3477 infinitivo
634 3409 899 3495 significationem
917 3409 1044 3495 vimque
1066 3408 1185 3485 inesse;
1200 3419 1276 3473 tune
1290 3407 1375 3471 enim
1393 3425 1460 3471 rem

186 3517 390 3587 alienatione
411 3516 692 3585 intellexituuetor
715 3525 832 3595 noster,
845 3535 979 3602 eumque
995 3535 1052 3581 nos
1073 3515 1176 3600 sequi,
1193 3534 1257 3579 non
1288 3523 1394 3578 autem
1416 3512 1462 3577 ri-

186 3631 338 3715 lupeuum
353 3623 530 3705 debemus3
553 3624 798 3691 conlocaturus.
820 3643 867 3709 gr.
888 3624 961 3708 lug.
983 3622 1038 3701 50,
1061 3622 1167 3687 icum
1183 3622 1238 3693 bb,
1261 3621 1292 3685 i.
1311 3621 1461 3686 Ceterum

186 3731 260 3797 setis
278 3750 353 3799 rurs
374 3742 449 3798 sunt
470 3750 509 3798 eu
524 3731 594 3797 locu
612 3750 685 3816 qum
709 3729 821 3816 positis
834 3749 933 3815 supra
950 3728 1069 3813 regulis
1094 3745 1272 3813 repugnare
1294 3725 1459 3805 videntur,

186 3858 259 3926 quin
272 3836 403 3924 quibem
418 3837 525 3904 studia
549 3836 696 3904 veniundi
721 3837 898 3903 cretionem
923 3836 1087 3901 inductum
1108 3833 1297 3900 Sallustium
1317 3833 1362 3898 sic
1376 3851 1460 3898 com·

186 3945 328 4031 posuisse
346 3944 426 4012 nibil
445 3945 549 4011 obstat
567 3945 646 4031 quin
663 3953 820 4030 putemus,
838 3962 896 4009 nec
921 3942 952 4008 ln
976 3940 1175 4027 explicandis
1201 3938 1357 4027 ejusmodi
1385 3939 1461 4005 locis

186 4051 338 4118 subtilius
351 4051 507 4119 disserere
522 4050 563 4118 ud
578 4050 789 4118 excusandum
810 4060 978 4116 structuris
992 4049 1174 4114 uarietatem
1192 4065 1317 4111 neeesse
1332 4056 1390 4110 est.

230 4159 264 4225 s·
288 4159 336 4224 ns
346 4157 445 4247 sultis
458 4156 714 4248 suspitionibus.
731 4193 777 4208 -
788 4159 921 4243 Semper
936 4156 969 4221 in
984 4156 1154 4221 enuneinto
1171 4153 1339 4241 primerio,
1356 4171 1461 4236 neque

187 4264 219 4330 ln
238 4265 305 4331 ullu
321 4265 399 4337 ulie.
416 4266 566 4352 usurpari
588 4263 782 4331 infinitivum
804 4263 990 4329 historicum
1004 4282 1103 4348 supra
1118 4259 1360 4327 ulbriunvlmus.
1379 4259 1462 4323 Sunt

186 4381 292 4439 tumen
316 4373 348 4439 iu
371 4371 500 4458 scriptus
520 4371 727 4439 sallustianis
740 4382 804 4436 tres
824 4369 883 4436 loci
899 4369 956 4457 qui
976 4388 1046 4435 eum
1071 4368 1214 4454 regulum
1231 4365 1396 4431 infirmare
1410 4363 1461 4428 ui-

186 4475 345 4547 utentur:
361 4478 416 4545 sed
434 4478 465 4545 in
480 4477 527 4545 eis
540 4496 670 4565 quoque
684 4477 761 4543 loeis
773 4477 980 4543 enuneislun
997 4475 1186 4561 primarium
1200 4492 1275 4538 uere
1290 4472 1393 4537 inesse
1408 4471 1461 4537 do

186 4583 269 4651 cubit
285 4584 671 4652 euumttsuebservmtu
1146 4633 1150 4641 .

236 4692 268 4758 l·
289 4692 362 4776 lup.
389 4692 464 4769 lllb.
491 4692 524 4769 t,
549 4688 618 4780 ipse
642 4700 794 4793 umerum
815 4688 1037 4778 iuuenumque,
1062 4686 1140 4752 itan
1163 4683 1284 4751 suom
1303 4681 1459 4771 cambum
