3314 5526
662 439 859 499 -137-

116 587 231 674 saepius
260 587 304 652 rei
327 606 440 652 nomen
458 585 597 651 ablativo
614 605 687 651 casu
709 605 780 652 eum
798 584 833 649 in
857 584 1092 672 praepositione,
1124 587 1172 651 vel
1206 586 1301 653 etiam
1331 586 1388 652 dai·

118 695 180 760 tivo
211 695 313 779 ponit,
350 693 403 758 sed
429 701 552 758 tontum
576 693 601 757 si
636 711 749 758 nomen
772 712 914 778 persona
939 692 1053 758 absit:
1087 713 1143 780 pro
1175 693 1301 760 Cluent.
1332 696 1386 772 59,

115 801 143 866 is
159 786 307 866 conscias
319 797 371 865 illi
381 798 528 889 facinori
537 797 643 886 secisse
650 797 852 888 pectebatur.
867 834 912 848 -
923 799 1073 865 Absolute
1091 799 1228 885 positum
1243 799 1389 865 conscias

120 907 279 973 invenitur
312 907 381 973 Cat.
402 908 455 986 tt,
474 907 506 984 3,
530 927 641 971 omnes
659 926 741 993 qccos
752 904 930 993 (lapillum,
950 916 1084 992 epcstas,
1105 907 1248 972 eouseius
1264 908 1389 972 orimus

117 1011 322 1098 ecapitabat,
343 1040 354 1072 ι
374 1012 426 1078 ubi
454 1015 599 1078 conscias
619 1011 750 1077 accimus
770 1032 863 1077 sensu
892 1013 1065 1097 praegnanti
1093 1011 1176 1077 idem
1195 1015 1279 1078 valet
1296 1029 1390 1098 atque

27 1189 30 1195 ,
118 1118 314 1185 conscientia
328 1118 419 1185 mala
436 1120 518 1205 (lug.
533 1119 587 1198 63,
601 1119 650 1204 8),
670 1139 726 1203 pro
737 1119 854 1203 quibus
865 1120 969 1183 verbis
983 1120 1217 1185 substantivum
1232 1119 1391 1185 consciae·

118 1226 164 1292 tia
179 1229 283 1292 solum
299 1226 416 1312 saepius
437 1241 612 1312 usurpatur
637 1227 720 1312 (lug.
742 1225 796 1303 35,
820 1227 855 1303 1;
878 1226 932 1304 33,
955 1226 994 1304 53
1016 1226 1071 1302 85,
1089 1227 1148 1304 36;
1167 1227 1236 1292 Cat.
1261 1226 1314 1306 15,
1337 1228 1388 1309 ll:

119 1334 172 1398 sed
187 1334 290 1398 medio
307 1353 342 1398 ac
357 1333 455 1398 dubio
470 1353 561 1398 sensu
579 1333 719 1417 ponitur,
738 1332 776 1396 de
793 1352 859 1417 rep.
878 1332 983 1398 ordin.
1003 1354 1038 1412 ιι,
1056 1333 1109 1410 lt,
1127 1332 1160 1410 8,
1172 1329 1231 1397 secl
1240 1353 1280 1396 ca
1294 1343 1390 1397 nala·

120 1462 159 1506 ca
175 1439 307 1506 divorsa
315 1439 462 1529 praemia
479 1437 578 1504 bonos
597 1438 767 1526 malosque
780 1438 884 1526 sequi.
902 1441 1031 1505 Interea
1052 1439 1082 1505 si
1092 1438 1182 1527 sorte
1210 1460 1249 1504 ea
1266 1437 1393 1504 tacclias

117 1545 313 1636 procedant,
329 1568 408 1612 sicas
423 1546 566 1634 quoique
580 1545 711 1611 animas
721 1568 762 1611 cac
776 1547 969 1611 conscientia
983 1568 1073 1635 spem
1083 1543 1220 1634 praebet.
1236 1549 1313 1626 Quae
1327 1547 1393 1631 qui·

123 1655 194 1720 dem
209 1654 353 1740 exempla
366 1673 402 1719 ex
419 1654 581 1720 brevitatis
602 1673 708 1718 amore
724 1663 792 1718 orta
808 1653 956 1719 videntur
972 1652 995 1718 ¹.
1020 1681 1031 1713 ι
1050 1689 1094 1702 -
1109 1652 1274 1739 Objeetum
1288 1664 1392 1718 tamen

122 1762 219 1827 verbo
236 1761 283 1826 illi
308 1761 489 1847 appositum
515 1760 646 1846 legimus
661 1761 728 1826 Cat.
752 1760 805 1838 35,
824 1761 856 1840 3,
873 1759 1130 1848 satisfactionem
1151 1780 1191 1825 cac
1208 1758 1302 1826 nulla
1318 1779 1394 1825 con-

123 1869 255 1934 scientia
270 1869 308 1935 de
321 1871 416 1955 culpa
429 1888 616 1956 proponere
636 1865 775 1946 decrevi,
794 1868 824 1932 in
846 1888 908 1954 quo
924 1868 1043 1932 erravit
1064 1888 1193 1953 prorsus
1208 1867 1391 1945 Muellerus,

124 1976 314 2062 conjungere
337 1975 453 2062 jubens
476 1972 738 2060 satisfactionem
764 1971 803 2038 dc
831 1970 946 2061 calpa,
975 1974 1059 2060 quod
1091 1994 1192 2059 neque
1225 1974 1394 2040 uerborum

124 2081 201 2148 ordo
217 2070 320 2168 neque
335 2081 492 2147 sententia
512 2080 665 2166 permittit
690 2079 877 2167 (Kritzius);
899 2080 939 2146 el.
969 2081 1033 2147 Cic.
1053 2081 1152 2166 Epist.
1181 2080 1220 2146 ad
1242 2080 1336 2147 Attio.
1356 2102 1392 2158 ιι,

125 2190 181 2267 31,
199 2187 250 2253 bis
264 2185 303 2253 ale
318 2185 414 2253 cebris
433 2187 597 2253 consciam
617 2208 681 2252 csse
696 2185 860 2263 Pisonem,
882 2198 913 2252 et
928 2187 1072 2272 exempla
1092 2187 1156 2252 alia
1172 2208 1242 2273 quae
1262 2187 1396 2274 protulit

123 2295 276 2361 Ruddim.
292 2296 368 2361 lust.
382 2295 417 2359 P.
429 2317 462 2370 ιι,
477 2315 508 2379 p.
523 2295 576 2372 7⁶2,
589 2315 643 2372 ιιι,
659 2294 766 2360 adnot.
779 2294 832 2379 8);
848 2293 922 2359 item
933 2297 1003 2380 lug.
1016 2295 1070 2366 37,
1083 2294 1180 2373 3,secl
1192 2293 1252 2359 nbi
1264 2305 1395 2359 senatus

126 2399 237 2467 delicti
254 2400 452 2467 conscientia
463 2399 628 2489 papulam
645 2399 752 2479 timet,
773 2402 841 2467 Cat.
861 2401 892 2480 5,
906 2402 938 2479 7,
955 2399 1151 2467 conscicntia
1167 2398 1325 2467 scelerum
1340 2402 1392 2483 (el.
1413 2417 1417 2428 '

11 2586 14 2591 ,
126 2508 206 2574 Hist.
229 2529 252 2586 1,
275 2510 329 2590 51,
345 2509 393 2594 7).
416 2509 478 2574 Sed
494 2507 533 2573 ad
551 2508 710 2593 inceptum
732 2521 938 2574 revertamur.

168 2616 202 2680 6⁰
226 2617 349 2680 Exores
381 2634 453 2679 eum
479 2614 617 2700 genitivo
643 2615 727 2700 apud
756 2615 891 2700 optimos
916 2614 1086 2701 scriptores
1117 2615 1278 2701 etiamque
1311 2614 1396 2700 apud

124 2722 273 2787 Nostrum
286 2721 453 2807 jungitur:
471 2723 551 2786 Hist.
568 2743 591 2796 1,
605 2723 659 2798 51,
683 2723 736 2800 11,
753 2721 865 2787 consili
887 2743 1019 2810 capers;
1035 2722 1103 2788 Cat.
1128 2723 1183 2802 33,
1201 2723 1232 2794 1,
1244 2719 1398 2810 plerique
1470 2709 1471 2713 ¹

126 2829 252 2914 patriae,
266 2825 325 2893 scel
342 2849 453 2894 omnes
474 2829 556 2893 lama
577 2839 675 2915 atquc
691 2828 826 2895 fortunis
844 2839 990 2916 capcctes
1003 2850 1127 2909 samus,
1143 2829 1198 2894 ubi
1219 2830 1398 2894 Dietsehius

126 2936 230 3001 nescio
246 2955 309 3021 quo
322 2935 517 3021 aequalitatis
534 2954 640 3001 amose
657 2935 812 3021 impulsus
832 2957 904 3003 cum
924 2936 1134 3002 deterioribus
1157 2936 1318 3002 codicibus
1337 2958 1398 3024 pa-

127 3040 191 3108 tria
207 3031 345 3129 scripsit.
367 3043 423 3108 Hic
439 3063 513 3108 vero
530 3052 659 3128 prepter
677 3044 862 3108 varietatem
878 3044 1052 3108 ablativum
1072 3055 1140 3126 pest
1156 3043 1332 3128 genitivum
1348 3043 1399 3108 ad·

127 3150 233 3214 hibuit
249 3149 448 3228 Sallustius3
470 3150 510 3214 ci.
533 3151 604 3235 lug.
623 3151 679 3225 71,
698 3149 729 3229 3,
750 3149 896 3216 Romani
911 3150 1081 3237 sipnoram
1102 3161 1133 3214 ct
1154 3170 1327 3215 armorum
1343 3151 1399 3215 ali-

129 3267 248 3342 quanto
260 3276 406 3344 numero,
420 3255 559 3321 hostium
571 3276 744 3341 paucorum
754 3255 878 3344 potiti3
901 3263 972 3343 quie
982 3256 1173 3322 constructio
1185 3255 1400 3321 tantummodo

131 3364 215 3449 apud
234 3372 356 3428 veteres
381 3373 488 3449 poetas
512 3365 676 3443 Plautum,
698 3363 893 3442 Terentium,
923 3365 1107 3429 Lucretium
1137 3363 1311 3441 invenitur,
1342 3362 1396 3448 (el.

132 3469 281 3535 Ruddim.
304 3492 341 3549 ιι,
359 3491 390 3555 p.
406 3470 513 3556 lib),
531 3480 562 3535 et
577 3469 646 3536 ideo
658 3471 690 3535 in
704 3470 889 3536 archaismis
905 3470 1171 3536 numerandoest.
1191 3472 1312 3535 Pronus
1326 3489 1401 3535 vero

130 3577 214 3662 apud
235 3578 426 3643 Sallustium
442 3597 513 3642 eum
538 3578 677 3663 genitivo
699 3589 821 3644 tautum
842 3578 1004 3644 iuvenitur
1025 3578 1110 3663 (lug.
1133 3577 1187 3657 38,
1212 3578 1269 3656 1Ο;
1292 3577 1345 3656 ab,
1363 3579 1400 3657 53

117 3668 206 3760 na
225 3685 317 3762 3311.
341 3705 376 3763 11,
392 3685 445 3762 ao,
468 3686 514 3770 ι).

174 3792 209 3857 C.
228 3827 273 3841 -
296 3792 464 3857 Gaurrrvus
486 3812 546 3857 cuu
564 3802 743 3858 ‘ruououuuc
767 3790 794 3856 is
808 3813 931 3858 iunceo.
957 3828 1003 3842 -
1022 3792 1147 3878 Saepius
1166 3791 1325 3877 genitivus
1341 3788 1406 3855 loci

110 3966 112 3970 ,
130 3901 179 3965 vel
200 3897 345 3963 locorum
364 3899 605 3984 pronominibus
623 3897 668 3978 id,
692 3921 730 3964 ca
745 3899 915 3986 subjicitur
933 3899 970 3964 in
983 3899 1197 3965 locutionibus
1212 3897 1404 3983 quibusdam

131 4005 293 4071 notionem
309 4006 459 4090 temporis
473 4006 699 4090 praebentibus,
716 4007 825 4091 quales
838 4016 932 4072 sunt:
950 4008 1021 4092 lug.
1035 4007 1091 4085 63,
1107 4006 1140 4082 6,
1155 4016 1265 4070 tomen
1279 4003 1305 4069 is
1322 4002 1404 4068 adid

133 4098 272 4178 locbrum
294 4111 369 4177 talis
383 4111 434 4177 eir
448 4149 492 4161 —
514 4111 722 4178 consulatum
741 4110 895 4201 adpetere
910 4135 975 4178 cion
990 4110 1155 4193 audebat,·
1175 4113 1230 4189 72,
1251 4112 1285 4186 3,
1301 4130 1406 4196 neqecc

131 4231 201 4306 post
217 4219 249 4285 id
266 4222 407 4285 locorum
420 4219 593 4306 lccpartluae
616 4217 684 4284 (lies
701 4230 761 4284 caat
774 4240 840 4284 nac
859 4217 930 4284 alla
949 4220 1060 4307 quieta
1077 4217 1164 4307 sait;
1181 4221 1252 4304 lug.
1274 4218 1350 4296 tea,
1375 4219 1404 4294 1,

132 4337 202 4413 post
220 4347 257 4392 ea
274 4326 332 4392 loci
354 4324 470 4390 consul
470 4326 626 4415 pervenit
638 4327 673 4391 in
686 4324 845 4415 oppidum
868 4325 1008 4406 Cirtam,
1031 4326 1084 4392 ubi
1095 4337 1174 4415 past
1187 4346 1225 4390 ea
1244 4325 1408 4410 ambalat

54 4430 62 4443 ⁴
101 4453 103 4458 ·
133 4433 219 4498 inter
239 4454 279 4497 ea
298 4431 376 4518 loci)
393 4433 564 4518 separatim
582 4434 697 4498 rectius
718 4433 813 4499 scribi
837 4433 1175 4518 quam,utvulgof1t,
1197 4431 1406 4519 conjunctim,

134 4551 217 4606 recto
233 4540 382 4605 viderunt
406 4540 624 4605 Badstuebuer
645 4550 675 4604 et
696 4540 847 4606 Kritzius.
870 4541 927 4607 Hic
951 4561 1024 4606 vero
1043 4540 1097 4622 (ad
1110 4542 1182 4626 lug.
1205 4539 1261 4618 63,
1276 4539 1311 4623 6)
1344 4535 1410 4601 loci

137 4647 327 4712 uocabulum
343 4647 529 4731 neutiquam
555 4647 731 4732 simplicem
757 4648 908 4733 temporis
928 4646 1192 4733 significationem
1207 4645 1336 4721 habere,
1354 4642 1407 4708 sed

167 4783 189 4829 1.
208 4778 272 4828 Haec
287 4777 341 4827 sere
357 4777 389 4826 ad
405 4779 509 4826 uerbum
524 4793 554 4826 ex
570 4777 782 4826 Babdstuebnero
797 4792 928 4841 expressa.
