3314 5526
664 406 858 465 -ld9-

127 563 301 640 appaream
321 550 461 639 denique
475 550 615 617 actiones
637 570 717 637 quas
735 551 885 639 exprimit
904 570 967 616 non
992 551 1126 636 singulae
1140 558 1325 624 occurrunt,
1345 548 1398 614 sed

128 659 244 744 saepius
260 659 401 745 repetitae
420 667 450 725 et
465 656 598 724 alternis
612 657 734 724 vicibus
748 657 950 724 succedentes
970 656 1029 722 sub
1044 658 1142 723 animi
1164 676 1256 722 sensu
1275 674 1397 743 ponun-

129 777 197 832 tur:
212 766 261 832 siu
273 777 380 833 autem
391 766 473 831 actio
489 766 558 831 sole
573 775 738 852 appareat,
753 764 786 831 in
796 764 937 832 diversas
949 764 993 830 rei
1005 764 1165 850 laciesper
1178 773 1306 830 mutuas
1318 763 1399 829 vices

44 932 47 936 .
127 883 327 939 occursantes
341 872 507 938 dividitur.

170 980 293 1059 Quibus
312 979 475 1066 expositis.
497 979 579 1046 hanc
603 990 718 1045 nostras
740 978 865 1046 dicendi
886 980 995 1045 formae
1009 978 1229 1047 definitionem
1248 977 1397 1044 constitui

126 1096 373 1155 consentaneum
389 1085 516 1152 videtur
531 1109 538 1151 :
556 1087 621 1152 Per
634 1084 836 1175 infinitivum
855 1084 1046 1152 dietericum
1066 1084 1187 1151 aeriter
1205 1084 1239 1150 in
1254 1105 1399 1150 narran-

126 1191 176 1259 dis
190 1191 299 1271 rebus,
314 1190 472 1259 adhibitis
486 1190 634 1258 absolute
650 1191 769 1280 positis
782 1190 982 1273 notionibus,
1001 1213 1041 1258 ae
1059 1190 1192 1258 sublata
1212 1204 1397 1280 temporum

126 1297 327 1388 definitione,
349 1299 461 1365 anime
476 1298 604 1365 lectoris
628 1298 837 1388 esfinpuntnr
857 1311 917 1364 atet
934 1299 1036 1366 varia
1051 1298 1150 1365 tinius
1172 1297 1397 1365 multae-amec

126 1406 295 1472 actionum
320 1405 569 1494 preteritarum
606 1405 726 1494 saepius
753 1405 898 1495 repetitae
923 1405 1042 1494 (acies,
1067 1418 1128 1472 aut
1151 1404 1232 1495 ipsae
1255 1404 1399 1471 actiones

119 1512 360 1602 jeratapesitae,
373 1512 487 1600 quales
504 1510 631 1601 rapidis
642 1504 924 1579 'vicissitudinibus
938 1511 1139 1579 alternantes
1154 1523 1342 1578 acccersunt.

170 1622 203 1685 4⁰
229 1618 320 1701 Quid
339 1618 466 1685 intersit
485 1619 570 1685 inter
585 1617 706 1707 infinit.
721 1617 835 1684 distor.
858 1629 890 1685 et
902 1618 1001 1710 finita
1019 1631 1169 1709 tempora
1185 1619 1396 1708 (perlectum,

121 1747 265 1814 praesens
284 1724 490 1805 historicum,
504 1725 760 1815 imperfectum).
779 1726 907 1805 -Sed,
924 1736 959 1792 nt
973 1736 1090 1793 nostrae
1103 1727 1272 1792 locutionis
1283 1736 1399 1791 natura

122 1833 241 1898 clarius
268 1833 491 1918 perspiciatur,
518 1851 590 1898 cum
610 1832 757 1920 perfecte
783 1843 839 1899 ant
861 1831 1019 1922 praesenti
1054 1831 1208 1899 disterieo
1237 1833 1399 1917 simulque

122 1960 196 2005 cnm
215 1938 407 2028 imperfecto
432 1939 626 2005 instituenda
641 1938 769 2006 videtur
787 1940 995 2025 comparatio.
1015 1941 1093 2020 Quae
1108 1939 1237 2026 quidem
1254 1950 1396 2024 tempora

124 2049 221 2128 (nunc
246 2046 348 2124 aliud,
375 2066 459 2112 nuuc
482 2045 583 2124 alind,
605 2066 715 2112 sensus
740 2036 864 2113 ratione
890 2046 1013 2133 habita)
1040 2046 1152 2113 adres
1180 2045 1398 2132 explanandas

124 2162 230 2237 partes
247 2152 397 2217 infinitivi
420 2151 561 2218 historici
575 2152 648 2238 jure
665 2152 855 2239 suscipiunt.

168 2258 358 2346 Perfectum
371 2279 406 2325 ac
415 2279 558 2347 praesens
569 2257 762 2325 distcrieum
777 2280 866 2346 aeque
880 2261 1016 2347 prolecto
1033 2261 1194 2347 preterita
1204 2261 1396 2347 lactaexpri·

124 2376 226 2443 munt,
250 2366 308 2432 hoc
327 2376 433 2432 autem
454 2375 603 2451 tanquam
623 2367 809 2452 prasertim
831 2366 884 2433 sed
900 2387 1025 2454 semper
1038 2368 1217 2453 singularia
1231 2387 1270 2434 ee
1287 2387 1397 2455 propo·

124 2473 174 2539 nit
193 2485 365 2559 utrumque
385 2483 522 2558 tempus,
563 2482 594 2539 et
632 2481 785 2559 tanquam
814 2474 903 2540 aliud
932 2474 1033 2540 alium
1057 2475 1259 2560 excipientis,
1291 2475 1334 2540 ita
1363 2484 1397 2540 ut

123 2579 211 2645 aliud
228 2600 265 2645 ex
282 2579 345 2645 alio
368 2579 506 2664 pendere
528 2598 653 2646 necesse
672 2580 723 2646 sit.
745 2580 927 2647 definitivus
944 2592 1054 2647 contra
1073 2582 1106 2646 in
1124 2582 1283 2668 praeterito
1302 2580 1396 2647 ellin-

121 2687 165 2772 git
177 2685 270 2772 juxta
291 2686 409 2772 positas
433 2686 606 2773 eodemque
626 2696 768 2772 tempore
796 2687 931 2755 invicem
948 2688 1164 2767 succedentes,
1184 2709 1219 2754 ac
1235 2689 1396 2776 perpetuis

122 2792 1396 2882 vicissitudinibusrenovatasactiones,quarumuuaquaequetanquamdiversa

121 2899 218 2965 unius
230 2898 387 2974 reilacies
404 2900 460 2966 alii
476 2900 620 2966 immixta
631 2900 840 2987 intelligenda
854 2912 916 2968 est,
932 2904 1041 2988 ltaque
1053 2902 1135 2968 dixit
1149 2903 1277 2970 Ceasar:
1302 2901 1392 2978 Veni,

120 3004 199 3088 eidi,
212 3006 293 3089 viei;
306 3028 379 3073 nam
392 3008 458 3074 haec
474 3008 637 3090 triaffllacta
653 3006 788 3083 invicem
808 3008 983 3094 excipiunt,
1001 3010 1046 3075 ita
1064 3020 1099 3075 nt
1112 3009 1241 3075 vincere
1257 3009 1393 3093 nonnisi

123 3125 191 3201 post
205 3112 327 3192 videre,
351 3115 488 3200 itemque
503 3111 613 3180 uidere
628 3134 692 3180 non
712 3115 772 3180 nisi
791 3126 862 3202 post
880 3114 990 3181 uenire
1005 3116 1141 3200 intelligi
1159 3116 1270 3203 possit,
1292 3136 1395 3202 neque
1429 3134 1432 3140 ·

118 3242 157 3287 ea
176 3221 271 3287 simol
292 3222 374 3287 iacta
399 3230 494 3308 atque
515 3221 716 3288 occursantia
736 3222 908 3308 qnisquam
926 3221 1115 3288 contendere
1132 3222 1259 3289 audeat.
1276 3224 1393 3309 Imper-

121 3330 234 3394 l'ectum
249 3348 322 3394 vero
347 3348 410 3394 non
425 3329 530 3394 solum
544 3338 663 3395 statum
687 3339 743 3395 aut
765 3329 897 3395 actionis
912 3328 1076 3416 cujusdam
1099 3327 1345 3396 diuturnitatem
1362 3331 1393 3395 in

120 3436 278 3520 praeterito
304 3436 465 3521 exprimit,
489 3435 714 3502 verumetiam
736 3436 892 3502 actionem
910 3437 941 3502 in
967 3435 1126 3523 praeterito
1143 3437 1323 3521 repetitam,
1339 3437 1393 3503 sed

120 3544 163 3608 ita
184 3552 218 3608 ut
235 3543 291 3608 illa
314 3543 460 3628 repetitio
484 3543 620 3628 singulis
636 3544 672 3609 ac
696 3542 836 3609 desinitis
856 3545 1009 3629 temporis
1027 3543 1195 3610 momentis
1215 3543 1283 3621 fiat,
1307 3544 1394 3629 quod

117 3648 248 3735 quidem
263 3648 466 3714 inhistorico
488 3649 646 3716 inlinitivo
663 3669 724 3717 non
741 3660 885 3736 apparet.
902 3651 1007 3730 Quum
1020 3651 1194 3717 Sallustius
1209 3648 1287 3717 dicit
1307 3651 1390 3736 (lug.

120 3755 195 3832 t08,
214 3756 247 3840 l)
264 3778 271 3823 :
290 3753 338 3821 ibi
351 3776 426 3821 eum
441 3755 568 3821 Beecde
587 3753 737 3826 Numida
756 3754 906 3845 quidam,
921 3757 1031 3846 Aspar
1042 3756 1187 3834 nemine,
1204 3754 1347 3822 multum
1363 3768 1394 3823 et

115 3860 335 3950 familiariter
353 3860 484 3950 opedam
509 3863 641 3930 verbum
664 3884 762 3951 apere
783 3875 934 3949 tanquam
953 3865 1123 3949 multiplex
1149 3856 1392 3949 lactum'expri-

117 3988 206 4035 mens
222 3967 464 4055 intelligendum
487 3979 544 4047 est,
557 3969 642 4056 quod
658 3971 775 4055 saepius
791 3970 932 4056 quidem,
949 3970 1092 4036 definitis
1112 3990 1185 4036 xero
1200 3990 1236 4036 ac
1256 3970 1392 4056 singulis

117 4075 324 4160 temporibus,
344 4095 400 4161 per
415 4076 497 4143 vices
510 4076 756 4162 redintegratur.
775 4077 892 4143 Contra
906 4078 922 4142 J
926 4098 976 4162 ug.
993 4079 1049 4158 50,
1063 4079 1097 4158 6,
1107 4076 1158 4143 sin
1173 4076 1392 4166 opportunior

113 4182 207 4270 supa
222 4181 314 4248 collis
333 4203 435 4270 quam
459 4183 570 4272 campi
580 4184 708 4272 fuerat,
732 4204 771 4249 ea
790 4205 866 4249 vere
892 4183 1041 4250 consueti
1063 4182 1290 4254 Numidarum
1315 4183 1394 4271 equi

114 4287 217 4370 facile
230 4287 318 4354 inter
332 4287 478 4377 uirqulta
493 4287 648 4370 evadere3
669 4303 795 4356 nostres
814 4290 974 4380 asperitas
994 4301 1026 4356 et
1041 4289 1216 4357 insolentia
1231 4288 1295 4356 loci
1312 4289 1392 4356 reti·

114 4395 227 4475 nebat,
255 4395 500 4482 intelligendum
524 4406 571 4462 est
593 4417 704 4482 equos,
733 4397 784 4463 lric
804 4417 921 4483 paucos
943 4399 1009 4464 illic
1031 4399 1163 4475 multos,
1181 4398 1285 4464 ,variis
1316 4399 1392 4463 locis

114 4504 209 4568 simul
229 4503 370 4589 undique
382 4504 554 4584 venientes,
572 4516 599 4565 rt
613 4501 750 4570 euadere
759 4506 942 4589 perlectum
955 4504 1065 4571 eadem
1078 4506 1176 4590 igitur
1190 4505 1270 4569 actio
1287 4504 1392 4570 varias

114 4610 233 4696 species
248 4610 349 4677 oculis
364 4611 492 4696 praebet,
515 4611 599 4677 unde
622 4611 798 4679 infinitivus
819 4612 1003 4691 historicus,
1019 4612 1159 4678 retinere
1178 4630 1252 4677 vero
1268 4609 1389 4676 diutur-

115 4717 248 4789 nitatem
267 4718 434 4804 exprimit,
459 4718 564 4805 itaque
585 4719 956 4824 jamnoninfintnrus,
981 4720 1035 4785 sed
1061 4713 1388 4808 'imperfectumusnr
