3314 5526
754 346 983 448 -eoia-‚

208 534 243 611 l;
261 530 475 614 78,7(77’67);
492 529 668 608 35,6;67,
687 530 791 608 7;65,
810 531 846 608 3;
863 531 918 606 75,
936 530 1044 610 mut,
1063 531 1098 609 33
1117 531 1172 610 97,
1192 532 1228 611 3;
1247 533 1325 613 777,
1348 534 1386 613 7;
1408 535 1491 601 Hist.

205 660 249 720 rr,
276 641 334 718 553
359 640 419 704 inc.
446 639 500 703 57.
524 639 680 703 Futurum
702 637 852 702 infinitivi
874 638 1093 724 supplendum
1115 659 1153 704 ex
1172 641 1258 706 767777
1279 642 1429 727 expressi
1450 643 1495 709 si·

204 747 418 834 geminatione,
439 745 510 829 lug.
534 745 589 822 97,
611 745 644 823 7,
671 742 797 832 ipsique
820 747 941 811 Mauro
968 746 1137 831 pollicetur
1158 745 1329 815 Numidiae
1347 761 1490 838 purtem

204 851 348 931 tertium,
369 851 399 917 si
411 861 471 915 out
483 849 628 916 Romani
638 849 756 938 Africo
772 849 902 938 eupttlsi
914 861 974 916 677
987 849 1121 939 intepris
1139 851 1209 918 suis
1217 852 1344 941 finibus
1360 853 1487 921 bellum

203 957 407 1047 cortpositunt
419 958 524 1046 soret3
543 957 616 1022 ilem
634 957 703 1023 Cat.
720 958 775 1035 30,
786 958 820 1037 6,
837 970 866 1024 67
885 958 1318 1043 testamenmentum
1333 973 1485 1043 senatus,

201 1066 238 1130 ni
246 1064 412 1154 paruisset
426 1063 555 1152 inpetis,
573 1064 625 1129 uni
643 1064 766 1150 ellipsis
781 1066 943 1131 notatione
957 1065 1064 1151 digua.
1083 1066 1130 1132 Cl.
1149 1067 1212 1133 Cic.
1233 1090 1241 1133 :
1263 1066 1339 1137 Nisi
1350 1079 1485 1136 statues

200 1170 425 1251 restituissent,
440 1169 587 1259 pro-citer
601 1169 762 1235 minetur.
782 1170 962 1238 lnsmitivus
983 1171 1154 1239 historicus
1171 1173 1203 1239 in
1221 1174 1390 1269 primario,
1408 1178 1426 1242 J
1431 1197 1480 1263 ng.

200 1279 254 1356 58,
271 1279 304 1359 3,
321 1276 379 1343 sed
391 1275 455 1342 tela
470 1276 596 1342 eminus
611 1276 711 1343 missu
725 1276 900 1357 remittere,
915 1278 1024 1366 puuet'
1043 1279 1078 1344 in
1090 1278 1245 1367 pluribus
1258 1279 1371 1347 minus
1384 1282 1481 1370 frus-

200 1384 300 1464 truri3
326 1385 375 1450 sin
399 1381 554 1452 Numidee
569 1382 709 1472 propius
732 1380 953 1462 udeessissenu
972 1383 1021 1449 idi
1034 1406 1109 1450 vero
1124 1385 1280 1452 uirtutem
1295 1389 1479 1469 ostendere,

198 1492 267 1572 ubi,
284 1493 310 1556 si
330 1491 431 1557 oratio
451 1491 571 1556 directa
594 1489 826 1569 institueretur,
845 1491 1194 1577 plusquamperfectum
1218 1493 1384 1560 indicativi
1405 1497 1479 1582 poni

198 1598 338 1671 deberet,
363 1617 462 1682 quum
479 1597 560 1662 actio
582 1597 717 1682 repetita
736 1596 943 1681 significetur.
966 1599 1134 1664 Praesentis
1155 1599 1335 1668 infinitivus
1359 1601 1393 1668 in
1411 1603 1480 1689 pri-

196 1706 299 1770 mario
314 1724 370 1790 pro
387 1705 493 1769 laturo
514 1712 622 1768 exacto
642 1703 727 1788 quod
744 1702 775 1768 in
792 1703 914 1787 passivo
931 1704 1030 1783 deest,
1054 1706 1120 1772 Cat.
1140 1707 1195 1785 73,
1217 1708 1249 1785 6,
1267 1707 1381 1796 pollui
1403 1730 1479 1776 con-

195 1808 343 1876 sulatum
367 1806 554 1888 eredebant,
581 1807 611 1875 si
632 1828 707 1874 etun
733 1807 885 1895 quumvis
909 1810 1059 1898 eprept'us
1081 1810 1180 1877 ltnmo
1209 1806 1309 1879 novos
1334 1812 1478 1902 adeptio

193 1918 294 2005 soret
629 1906 639 1915 ”
1336 1911 1349 1921 ’

239 2035 277 2099 Ι).
303 2070 348 2082 -
369 2029 610 2102 Conditionolt's
626 2030 793 2096 enuntiati
807 2031 910 2098 veriet
921 2032 1054 2120 formet.

237 2139 424 2223 Restrietiva
443 2138 674 2225 significatione
695 2136 726 2203 si
743 2137 841 2204 modo
865 2151 1039 2225 usurpatur
1059 2142 1128 2207 (lat.
1151 2143 1205 2222 76,
1229 2142 1267 2221 3;
1285 2143 1341 2221 dl,
1364 2143 1428 2224 37;
1449 2143 1479 2209 si

176 2232 338 2334 quidem,
354 2246 385 2312 si
402 2257 512 2311 tumen
530 2245 615 2331 apud
632 2246 823 2312 Sallustium
839 2266 902 2311 non
917 2233 1138 2313 inveniuntur.
1516 2318 1522 2328 ⁴

235 2354 297 2420 Sin
319 2353 517 2420 adversativa
548 2353 718 2438 particula,
750 2353 946 2438 praecedente
973 2354 1012 2434 si,
1045 2355 1122 2420 setis
1153 2356 1320 2440 lrequens;
1351 2357 1425 2424 sine
1448 2354 1503 2424 si‘

192 2443 386 2547 praecedente
402 2461 419 2526 J
423 2479 474 2545 ug.
487 2461 518 2536 7,
534 2461 567 2538 7,
583 2459 644 2545 qui
656 2458 716 2524 eibi
729 2457 775 2524 ud
790 2457 934 2546 plurium
950 2460 1080 2526 virtutis
1094 2459 1149 2526 uiu
1163 2473 1348 2548 pensentur,
1366 2501 1411 2513 —
1428 2475 1476 2531 est

189 2589 294 2656 neque
309 2568 449 2656 fortetnu
465 2577 536 2653 epet
550 2602 604 2631 -.
619 2565 680 2632 Sin
694 2578 808 2654 nuptus
816 2567 932 2654 prauis
950 2566 1160 2656 cupidinibus
1179 2606 1224 2620 -
1234 2568 1483 2657 pessumdatus-

188 2687 246 2753 est,
264 2687 342 2756 etc.;
364 2675 432 2741 Cet.
461 2675 516 2749 57,
542 2673 597 2752 77,
620 2674 671 2737 An
695 2672 776 2760 quio
791 2677 859 2738 -7
879 2676 932 2740 An
948 2674 1028 2762 quio
1042 2677 1109 2740 -?
1122 2676 1183 2741 Sin
1196 2674 1297 2763 quiu3
1313 2679 1388 2764 lug.
1413 2679 1469 2760 35,

189 2785 222 2862 7,
238 2781 291 2848 sin'
308 2779 478 2870 idpuruni
493 2777 653 2866 procedet
669 2781 720 2862 (cf.
741 2781 795 2860 76,
814 2781 860 2865 7).

197 2955 199 2959 ,
230 2889 347 2955 Sinon
365 2888 450 2974 apud
465 2886 657 2952 Sallustium
670 2907 733 2952 non
749 2907 815 2970 esse
835 2888 975 2968 videtur,
992 2889 1084 2975 cujas
1102 2890 1269 2975 particulae
1286 2890 1388 2958 ricem
1403 2892 1471 2961 nisi

187 2994 267 3061 elui
280 2998 440 3082 supplent.

228 3103 268 3168 Si
284 3104 395 3168 mitius
411 3104 468 3189 (z
485 3101 515 3168 si
528 3103 608 3188 itote)
632 3101 769 3166 occurrit
784 3103 894 3176 semel,
916 3101 984 3167 Cat.
1009 3104 1061 3180 76,
1079 3104 1112 3182 3,
1138 3102 1168 3168 si
1189 3125 1290 3169 enusu
1303 3104 1470 3192 peccandi

184 3209 220 3274 in
230 3231 378 3298 praesens
396 3209 506 3276 mitius
530 3207 737 3298 suppetebat,
751 3206 857 3273 nihilo
878 3207 989 3274 nunus
1014 3209 1153 3275 insontis
1174 3210 1261 3276 sieut
1278 3210 1381 3278 sontis
1402 3216 1466 3279 eir-

183 3316 380 3397 cumuenire,
392 3315 565 3405 jupulure.
582 3317 622 3383 tlt
636 3316 669 3380 in
685 3316 846 3381 Ciceronis
862 3315 954 3381 libris
969 3316 1227 3401 lreqnentissime
1241 3319 1417 3403 reperitur.

226 3424 301 3493 Nisi
322 3444 394 3491 cum
409 3425 577 3490 indicativo
597 3433 628 3488 67
646 3423 848 3509 conjunctivo
863 3423 1012 3500 occurrit,
1029 3434 1060 3490 et
1077 3424 1205 3490 easdem
1221 3446 1301 3511 quas
1315 3424 1347 3491 si
1359 3429 1464 3512 parti-

181 3534 254 3598 cula
274 3532 524 3597 constructiones
546 3539 677 3615 praebet.
705 3531 788 3597 Salis
815 3531 998 3616 frequenter
1023 3551 1081 3614 pro
1101 3530 1132 3596 si
1149 3552 1216 3597 non
1240 3547 1396 3619 usurpata
1416 3547 1464 3601 est

181 3660 200 3704 6
220 3639 372 3705 Sallustio
392 3638 459 3726 hmo
472 3639 641 3723 particula,
664 3647 699 3702 ut
717 3639 788 3722 Jug.
816 3638 871 3715 37,
889 3638 944 3716 77,
971 3658 1051 3702 num
1070 3650 1103 3703 et
1124 3636 1193 3703 illis
1210 3660 1397 3727 —purum
1417 3652 1465 3708 est
1510 3726 1513 3731 Ι

180 3745 304 3833 inpune
316 3743 543 3832 malefecisse,
560 3743 625 3809 nisi
638 3741 754 3808 deinde
764 3741 920 3831 faciundi
940 3741 1073 3808 licentia
1094 3744 1234 3832 eripitur
1245 3746 1299 3832 (67.
1312 3748 1383 3833 Jug.
1403 3749 1460 3823 37,

179 3854 221 3919 76
237 3853 331 3939 676.);
352 3853 442 3940 cujus
464 3852 708 3918 constructionis
727 3852 803 3916 satis
830 3871 911 3916 rarae
940 3851 1048 3917 Cicero
1075 3872 1137 3917 non
1166 3853 1304 3938 amplius
1326 3855 1391 3920 tria
1410 3858 1460 3922 vel

178 3971 316 4045 quatuor
331 3960 475 4047 exempla
489 3960 606 4025 habere
621 3959 768 4024 videtur:
785 3959 816 4023 77
831 3959 923 4026 77677.
941 3979 984 4035 77,
1001 3958 1055 4035 85,
1073 3978 1129 4044 pro
1141 3960 1301 4040 Cluentio,
1319 3982 1355 4041 77,
1372 3963 1408 4042 6,
1422 3963 1461 4030 de

178 4067 368 4147 Olficiis,11,
392 4069 445 4132 76.

219 4175 335 4241 Forma
351 4173 515 4260 antiquior
528 4171 576 4251 ni,
593 4172 644 4238 cul
660 4172 699 4238 ab
716 4172 810 4238 initio
824 4192 935 4238 sensus
949 4172 1116 4256 negativus
1132 4173 1384 4256 tantomineret,
1401 4177 1460 4244 sed

178 4291 285 4368 postea
297 4279 659 4367 particulaesiadjuneta
669 4290 715 4345 est
725 4279 1300 4346 edcorroborandumconditionalem
1310 4302 1458 4377 sempm,

175 4410 192 4453 6
209 4389 361 4454 Sallustio
382 4388 568 4474 sepissime,
588 4387 758 4474 aliquoties
782 4406 840 4473 pro
855 4385 886 4452 si
908 4407 987 4468 nott,
1003 4388 1118 4474 sepius
1134 4407 1192 4472 pro
1207 4386 1284 4487 nisi,
1308 4388 1461 4460 adhibila

174 4505 231 4561 est.
864 4556 866 4561 ,

217 4601 292 4670 Nisi
304 4600 394 4688 sorte
409 4620 533 4686 semper
555 4621 625 4667 cum
647 4599 833 4680 indicativo,
850 4610 884 4665 77
899 4600 984 4685 apud
1003 4600 1150 4666 classicos
1165 4613 1326 4682 auctorem
1345 4615 1459 4675 tamen

172 4712 242 4795 lug.
262 4711 316 4789 77,
336 4709 390 4788 76,
409 4706 476 4774 lenti
493 4729 609 4796 pacem
634 4705 857 4793 opitubnmns,
878 4705 1000 4794 quippe
1019 4705 1094 4794 quis
1117 4706 1218 4773 nostis
1231 4707 1346 4776 nullus
1365 4726 1456 4798 erat,
