3314 5526
729 419 929 478 -163-

190 566 331 632 nitivus:
358 567 428 650 Jug.
446 568 501 647 93,
521 567 552 644 d,
576 576 611 630 at
631 563 759 630 ⁴diarius
780 562 893 629 miultis
907 561 1019 629 diebus
1033 574 1065 628 at
1079 562 1247 629 laboribus
1265 564 1465 652 consumptis

112 728 116 735 .
189 671 310 736 auaius
325 671 455 738 trahere
469 693 543 737 cerm
558 669 671 736 areima
688 692 760 749 sua,
777 670 982 736 omitteretne
998 671 1176 758 inceptum,
1197 670 1357 758 quereiam
1376 673 1463 759 frus·

189 791 241 842 tra
260 789 344 857 erat,
365 800 409 843 aa
426 779 600 865 [artemam
621 777 837 866 opperiretur,
860 777 915 843 ubi
936 779 1033 844 verba
1059 805 1070 837 ι
1100 776 1214 843 attritis
1233 776 1348 844 diebus
1369 778 1426 844 etl
1447 817 1463 827 -

189 883 322 951 boribus
336 886 536 974 consumptis
554 912 565 946 ι
588 872 901 971 tempusdeliniuut3
913 872 989 969 ¹Jug.
1012 871 1088 962 itu
1115 888 1148 963 ⁰2,
1169 907 1228 950 reu
1239 885 1354 974 primo
1369 886 1463 973 aepi-

188 994 270 1069 ta‘re,
293 993 348 1058 ubi
371 993 466 1058 verba
489 1019 503 1054 o
520 990 660 1080 dariique
680 990 752 1080 regri
761 991 921 1080 patefecit
944 1019 973 1071 ι,
993 1012 1065 1077 quae
1080 992 1257 1084 orationem
1275 991 1462 1057 indirectam

187 1098 424 1164 antecedentem
438 1109 562 1185 regunt,
582 1084 706 1184 tempus
723 1098 856 1165 definire
872 1098 1021 1164 similiter
1035 1084 1179 1184 possunt.
1215 1124 1218 1129 ⁴
1283 1092 1286 1097 ’

230 1206 273 1269 Ex
292 1205 337 1271 eis
363 1207 512 1271 omnihus
535 1226 606 1292 qua.
634 1227 731 1292 supra
755 1205 849 1290 diota¹
867 1216 941 1272 sunt
970 1215 1055 1292 patet
1083 1206 1273 1272 Sallustium
1301 1206 1462 1292 precipuo

186 1311 325 1397 quodam
336 1312 440 1378 studio
454 1312 646 1378 infinitivum
656 1313 842 1378 historicum
852 1333 1034 1399 usurpasse,
1048 1333 1110 1378 non
1124 1325 1229 1379 autem
1241 1314 1322 1379 hano
1336 1314 1460 1381 dicendi

150 1485 152 1488 Α
186 1419 321 1483 sormam
346 1418 450 1504 ipsum
466 1419 634 1497 invenisse,
654 1420 902 1507 necquidquam
922 1421 954 1487 iu
970 1440 1007 1486 ea
1023 1420 1277 1506 usurpandasibi
1295 1421 1461 1508 proprium

185 1524 360 1590 ostendere.
379 1526 527 1592 Ceterum
539 1526 683 1592 Tacitum
704 1538 826 1593 constat
843 1527 876 1593 in
894 1528 989 1615 hujus
1010 1529 1162 1594 infinitivi
1188 1551 1247 1595 usu
1263 1530 1378 1616 saepius
1403 1550 1458 1596 au·

188 1631 347 1698 daciarum
361 1631 470 1711 fuisse,
488 1634 614 1699 Livium
629 1635 730 1699 multa
746 1633 863 1700 minus.
