3314 5526
581 784 761 896 enas
810 786 1088 896 ronuta,
1168 834 1174 933 5

398 1031 776 1126 SYNTAXIS
832 1043 1275 1129 GENERALIS.

785 1281 878 1289 μ...-

748 1461 875 1581 orror
898 1513 922 1579 1.

507 1721 547 1768 ba
565 1725 700 1773 suatacrt
725 1729 785 1777 citu
810 1729 981 1782 euantutru
1003 1729 1168 1775 tuberatae.

824 1907 852 1976 Ι..

259 2048 387 2120 Verbum
401 2066 540 2144 singulari
554 2092 675 2134 numero
690 2078 816 2152 positum
831 2094 896 2135 oum
911 2077 1042 2151 pluribus
1057 2077 1191 2150 subjectis
1206 2078 1410 2151 singularibus.

183 2182 199 2218 θ’

242 2211 471 2335 Ptadicatum,
487 2237 511 2303 si
525 2237 565 2307 ad
578 2241 671 2327 plum
686 2242 882 2308 substantiva
898 2249 1028 2326 spectet,
1045 2259 1179 2307 numero
1190 2241 1308 2326 pturati
1325 2241 1477 2309 universe

199 2338 272 2443 1³⁰⁰}
291 2343 492 2414 grammatici
518 2366 626 2415 omnes
651 2350 863 2415 consentiunt.
885 2350 997 2414 Plures
1013 2367 1088 2414 vero
1111 2358 1282 2414 occurrunt
1301 2348 1386 2433 apud
1401 2349 1478 2415 Sal-

200 2429 332 2504 tostum
351 2443 424 2529 loci,
449 2453 578 2537 quibus,
602 2456 723 2521 tametsi
748 2457 843 2541 ptura
865 2454 1123 2540 praegrediuntur
1137 2455 1348 2534 substantiva,
1365 2474 1478 2522 nume·

200 2558 254 2606 rus
269 2543 443 2634 singularis
455 2573 641 2647 usurpatur.
655 2561 746 2642 Quod
762 2573 837 2628 tuno
850 2562 1010 2648 praecipue
1025 2560 1061 2626 fit
1080 2559 1164 2646 apud
1180 2581 1289 2627 omnes
1304 2562 1477 2648 scriptores

135 2751 137 2755 ι
200 2667 272 2716 oum
296 2657 602 2754 subjectatanquem
617 2671 786 2756 coniuncta
805 2679 836 2734 et
848 2689 944 2735 unam
957 2669 1047 2754 quasi
1068 2669 1230 2735 nationem
1244 2668 1477 2736 efficientiam·

136 2783 141 2792 ·
203 2775 435 2844 presentantur
450 2795 457 2837 :
472 2774 540 2840 Cat.
554 2776 609 2855 39,
625 2777 657 2855 4,
670 2776 821 2864 prosecta
835 2772 1077 2863 mapuaclacles
1092 2787 1190 2863 atque
1204 2772 1380 2841 calamitas
1390 2796 1475 2841 rem·
1538 2859 1540 2862 Ι

197 2864 370 2958 publicam
389 2882 612 2964 oppressissem
634 2884 689 2961 58,
711 2885 743 2962 4,
763 2880 851 2948 saitis
865 2880 1028 2970 equidem,
1045 2881 1176 2960 milites,
1202 2879 1351 2947 secordia
1374 2892 1477 2969 atque

202 2974 337 3064 ipuuvia
355 2983 488 3052 Lentuli
500 2999 660 3074 quautam
684 2988 750 3078 ipsi
767 2987 924 3076 uobisque
938 2986 1065 3053 cladem
1081 2989 1224 3053 attulerit
1239 3013 1247 3069 ;
1263 2989 1279 3053 J
1285 3009 1342 3074 ug3
1367 2988 1420 3067 45,
1439 2988 1473 3067 3,

201 3095 360 3153 utcontra
373 3093 487 3178 pauci,
504 3094 622 3182 quibus
639 3094 760 3161 bourcm
773 3107 804 3160 et
817 3117 949 3182 equum
965 3092 1088 3161 divitiis
1102 3094 1213 3160 carius
1228 3106 1314 3172 erat;
1332 3096 1372 3160 cf.
1390 3095 1473 3160 Hist.

201 3214 248 3274 m,
267 3193 322 3275 84,
345 3197 462 3280 t8;1v‚
488 3201 547 3282 353
568 3203 595 3267 J.
616 3203 670 3282 39,
688 3204 725 3283 53
748 3203 802 3283 55,
825 3204 862 3282 73
888 3203 944 3281 64,
962 3203 994 3281 4,
1016 3212 1074 3267 eto.
1092 3200 1186 3286 Apud
1199 3202 1347 3267 Nostrum
1367 3213 1476 3267 autem

201 3301 319 3386 saepius
342 3306 438 3372 etiam
458 3309 631 3394 singularis
656 3329 807 3374 numerus
830 3320 1015 3394 usurpatur,
1040 3327 1113 3373 cum
1133 3307 1341 3393 predicatum
1365 3307 1408 3373 ite
1428 3319 1477 3373 cst

202 3410 444 3497 intelligendum
464 3424 500 3480 ut
524 3415 563 3480 ad
587 3416 715 3499 singuta
734 3415 934 3480 substantiva
950 3415 1107 3499 pertineat
1126 3414 1287 3494 similiter,
1302 3413 1477 3480 dummodo
1581 3478 1584 3485 .

200 3517 407 3603 cogitationes
422 3540 485 3586 non
506 3531 541 3586 ut
556 3521 697 3586 adversae
713 3532 769 3587 aut
788 3523 860 3586 oliae
877 3522 916 3586 ab
931 3521 1004 3586 otiis
1019 3522 1149 3587 omnino
1165 3523 1276 3586 sotutae
1299 3521 1471 3605 fingantur.

200 3625 288 3690 Tune
302 3644 375 3691 vero
395 3627 536 3714 subjecta
551 3638 606 3693 aut
622 3628 810 3714 simpliciter
833 3627 1029 3714 juxtaposita
1045 3636 1213 3712 apparent,
1231 3639 1267 3692 ut
1281 3627 1350 3692 Cat.
1369 3628 1423 3705 44,
1441 3629 1473 3703 4,

198 3731 380 3818 Postquam
393 3730 516 3800 divitiae
530 3730 649 3799 hortari
662 3754 728 3799 esse
742 3754 869 3822 caepere
880 3747 910 3798 et
920 3754 975 3798 eas
987 3730 1109 3821 pluria,
1125 3732 1315 3820 imperium,
1324 3731 1476 3820 potentia

189 3825 391 3923 'sequeba'ur
399 3864 408 3920 3
430 3851 486 3906 aut.
515 3860 571 3926 per
589 3841 829 3926 conjunctiones
850 3852 892 3920 et,
918 3850 1017 3927 atque
1033 3840 1041 3873 ¹
1060 3841 1143 3905 inter
1161 3860 1193 3905 se
1206 3839 1398 3924 junguntur,
1421 3859 1477 3905 sae·

200 3948 270 4031 pius
285 3966 359 4012 vcro
373 3968 429 4032 per
442 3959 557 4034 atque:
578 3949 607 4014 J.
628 3949 684 4028 50,
704 3950 737 4029 6,
758 3959 884 4013 uestros
900 3945 1059 4034 asperitas
1077 3958 1109 4012 et
1127 3943 1301 4012 insolentia
1314 3943 1380 4010 loci
1394 3948 1475 4011 reti·

199 4053 310 4133 nebat3
326 4055 360 4120 C.
378 4055 433 4133 54,
452 4056 506 4135 44,
519 4055 670 4143 profecto
683 4041 787 4120 virtus
802 4065 901 4141 atque
912 4052 1076 4142 sapientia
1091 4054 1203 4140 major
1222 4050 1288 4118 illis
1300 4052 1378 4131 tuit3
1395 4053 1422 4117 J.
1439 4054 1474 4131 5,

199 4160 232 4240 4,
249 4171 287 4225 ut
303 4160 420 4228 studiis
440 4160 590 4228 civilibus
617 4159 737 4268 bellum
752 4173 852 4249 atque
870 4159 1007 4227 vastitas
1028 4158 1132 4226 Italiae
1148 4159 1251 4248 finem
1267 4159 1395 4225 iaceret.
1423 4160 1472 4226 ct.

198 4266 227 4332 J.
256 4268 312 4347 75,
331 4269 346 4334 4
360 4291 370 4348 ;
393 4269 428 4337 C.
451 4270 506 4348 54,
531 4269 563 4347 6,
585 4279 644 4335 cto.

230 4410 253 4458 4.
270 4406 409 4472 Nunquam
424 4408 450 4458 in
464 4408 506 4457 hia
526 4407 763 4458 constructionibus
784 4405 933 4470 conjunctio
947 4419 997 4470 pue
1011 4404 1124 4456 occurrit
1140 4420 1146 4454 ε
1162 4404 1236 4468 cujus
1251 4405 1288 4454 rei
1304 4404 1372 4454 ratio
1389 4410 1428 4454 est
1448 4405 1475 4454 in

198 4491 230 4526 eo
245 4479 312 4542 quod
331 4492 381 4540 aue
396 4479 581 4544 cogitationem
594 4494 689 4529 novam
702 4485 825 4542 tauquam
838 4477 918 4542 priori
934 4487 989 4528 arte
1001 4477 1119 4541 junctam
1133 4482 1314 4541 repraesentat,
1326 4475 1393 4525 unde
1408 4477 1436 4525 fit
1449 4486 1478 4527 ut

198 4550 333 4600 sententiae
348 4550 385 4599 ita
397 4550 495 4614 junctae
510 4565 614 4615 semper
624 4555 653 4600 ut
674 4564 776 4598 summo
789 4548 877 4612 aliqua
891 4549 979 4598 animo
991 4549 1168 4608 obversentur,
1183 4545 1293 4611 ideoque
1305 4545 1476 4610 praedicatum

198 4620 408 4740 {timeremur-aii
421 4621 582 4672 adhibeatur.
598 4621 637 4671 Cf.
648 4621 837 4684 Stureub.‚pro
848 4619 949 4670 Archia
958 4626 1036 4684 poeta
1044 4617 1121 4683 (edit.
1134 4617 1228 4683 altera)
1240 4633 1267 4682 p.
1280 4620 1319 4678 49,
1330 4624 1357 4666 et
1366 4619 1474 4682 Zumpt,

239 4696 257 4741 t.
271 4693 388 4743 Gramm.
404 4692 417 4756 4
432 4694 488 4749 373,
504 4696 526 4743 4.
1000 4733 1003 4741 ,
