3314 5526
624 447 825 506 -1115-

83 604 187 660 tamen
207 594 365 660 nonnulla
383 592 447 658 alia
471 591 651 658 testimonia
666 600 804 671 exstant,
819 612 891 678 quae
910 591 1041 679 majoris
1057 590 1208 659 momenti
1224 599 1311 670 suut,
1327 600 1363 657 nt

87 701 285 789 epigramma
302 699 387 787 qnod
408 699 500 766 affert
514 698 734 778 Quintilianus
755 700 838 782 (vni,
856 699 889 777 3,
906 699 984 784 etot:

334 891 368 941 Et
381 890 461 941 verbu
473 889 572 954 antiqui
584 889 693 941 multtum
706 888 791 939 iurata
803 889 919 952 Catonia,

331 971 432 1036 Crispe,
446 971 461 1020 J
464 969 613 1035 ugurthinae
627 969 746 1021 conditor
759 969 890 1021 historiae.

126 1146 284 1212 Prmterea
298 1142 472 1210 Sallustius
492 1141 608 1208 acriter
625 1141 826 1228 vituperatur
841 1143 880 1209 ab
895 1142 1038 1229 Augusto
1059 1142 1162 1230 (Suet.
1193 1145 1262 1211 Oct.
1285 1145 1360 1231 86),

81 1251 169 1339 quod
188 1278 199 1313 ι
220 1250 321 1318 multa
340 1249 437 1316 verba
460 1269 477 1316 e
504 1249 633 1316 Catonis
655 1248 834 1335 originibus
847 1249 1040 1336 excerpserit
1057 1277 1086 1329 ι,
1112 1261 1143 1316 et
1163 1272 1180 1316 a
1199 1251 1360 1318 Frontone

83 1358 197 1446 (Epist.
235 1357 275 1424 ad
308 1358 387 1424 Caes.
418 1375 462 1435 rr,
493 1355 542 1443 3),
581 1355 637 1444 qui
670 1375 744 1423 eum
781 1355 980 1442 frequentem
1008 1364 1196 1424 sectatorem
1230 1358 1361 1424 Catonis

82 1465 235 1554 appellat.
266 1465 329 1532 Nec
355 1462 610 1552 praetereundum
639 1463 855 1530 testimonium
881 1464 977 1530 Gellii
1011 1465 1066 1552 qui
1100 1464 1290 1531 Sallustium
1323 1465 1360 1551 (r,

86 1574 140 1650 15,
163 1573 217 1658 18)
239 1599 251 1634 ι
278 1581 460 1637 novatorem
477 1569 647 1637 verborum
665 1596 676 1630 ι
700 1570 845 1637 nominat
867 1569 920 1657 (cl.
942 1592 988 1652 ιι,
1013 1572 1065 1650 17,
1082 1571 1120 1652 83
1138 1592 1169 1652 ιι,
1191 1573 1246 1650 dl,
1264 1574 1314 1658 2),
1332 1581 1363 1638 et

82 1679 184 1747 eidem
200 1680 258 1766 (ιιι,
277 1679 331 1759 15,
354 1679 386 1764 1)
410 1705 421 1740 ι
442 1678 611 1745 verborum
631 1677 770 1765 tingendi
795 1687 826 1744 et
842 1677 982 1744 novandi
998 1677 1141 1744 studium
1159 1704 1171 1738 ι
1189 1679 1268 1745 vitio
1288 1678 1362 1746 duci

83 1786 262 1873 profitetur.
279 1786 324 1851 De
347 1785 437 1873 cujus
458 1784 580 1871 judicio
595 1782 659 1850 duo
679 1785 812 1852 diversae
827 1793 902 1850 sunt
916 1784 1080 1852 sententiae
1096 1808 1103 1852 :
1122 1778 1179 1851 alii
1204 1784 1303 1858 enirn,
1326 1795 1363 1851 ut

84 1891 255 1978 Eorcellini
275 1893 336 1980 (ιιι,
355 1913 385 1980 p.
406 1892 482 1977 182)
499 1902 528 1958 et
549 1891 735 1978 Bernhardy
757 1893 801 1977 (p.
821 1892 913 1977 661),
930 1903 1122 1959 novatorem
1137 1912 1210 1960 eum
1230 1912 1297 1959 essa
1312 1893 1362 1958 di-

82 2012 171 2079 cunt‚
193 1999 249 2089 qui
276 2009 388 2082 nouat,
416 1999 448 2065 in
474 2019 567 2066 usum
591 2010 729 2078 revocat,
750 2019 821 2085 quae
842 1999 1084 2081 obsoleverunt3
1105 2000 1162 2066 alii
1180 2010 1304 2079 contra,
1326 2010 1362 2066 ut

82 2106 197 2187 Krebs,
217 2105 333 2184 eaeor,
350 2107 497 2193 Georges,
516 2106 607 2173 Klotz
632 2106 684 2190 (cf.
706 2106 804 2172 ialrns
828 2107 1035 2186 rationator,
1054 2107 1168 2194 Suppl.
1186 2106 1287 2173 Band.
1304 2126 1360 2185 vu,

84 2236 116 2303 p.
135 2215 212 2299 583)
233 2233 318 2292 eum,
335 2213 389 2302 qui
411 2232 493 2279 nova
511 2213 608 2280 verba
628 2212 727 2299 lingat
741 2223 772 2280 et
791 2212 899 2294 faciat,
917 2223 1100 2280 novatorem
1118 2215 1288 2281 verborum
1304 2233 1362 2279 no-

82 2321 274 2387 minandum
295 2340 361 2387 esse
386 2329 526 2387 censent.
552 2320 694 2387 Priorem
732 2320 847 2387 harum
870 2321 1101 2388 sententiarum
1125 2323 1290 2408 amplexus
1316 2332 1363 2387 est

84 2426 277 2506 Schultzius‚
303 2427 444 2495 Gellium
469 2426 604 2494 laudans
623 2427 679 2514 qui
696 2448 740 2507 ιιι,
768 2428 801 2509 7,
823 2427 956 2494 adicit:
990 2455 1001 2487 ι
1028 2429 1115 2496 Nova
1136 2438 1242 2494 autem
1257 2427 1358 2495 videri

84 2535 154 2601 dico
175 2535 272 2602 etiam
291 2555 328 2601 ea
349 2555 420 2622 quae
435 2545 509 2600 sunt
525 2533 678 2600 inusitata
691 2546 723 2600 at
737 2534 851 2616 desita,
868 2536 925 2602 etsi
946 2545 1021 2602 sunt
1037 2538 1178 2603 'vetusta
1206 2537 1361 2603 ›Bellou-

80 2641 148 2709 rius
178 2661 250 2708 vero
277 2638 351 2725 (loc.
388 2638 480 2726 lortd)
513 2640 593 2707 duas
636 2641 808 2708 sententias
840 2642 1030 2730 conjungere
1054 2642 1192 2721 videtur,
1225 2643 1269 2708 ita
1305 2662 1360 2708 or-

80 2750 246 2836 planans:
288 2776 299 2808 ι
326 2750 369 2815 Ex
401 2758 544 2815 veterum
567 2749 745 2815 imitatione
776 2768 925 2836 magnam
958 2749 1056 2817 nostri
1083 2748 1221 2817 orationi
1252 2750 1358 2815 virtu-

80 2866 144 2922 tenr
177 2853 385 2923 accessisse...
415 2858 516 2937 Quem
549 2865 757 2923 tamencum
790 2856 868 2923 alibi
903 2857 986 2923 idem
1014 2857 1137 2926 Gellius
1157 2856 1357 2923 «verborum

80 2975 265 3029 novatorem
295 2990 307 3023 ι
341 2962 437 3044 dicat,
469 2963 559 3029 nullo
584 2964 678 3030 modo
701 2964 759 3029 lroc
777 2962 936 3049 judicium
963 2983 1036 3031 cum
1061 2964 1166 3051 priore
1186 2974 1356 3051 repugnat.

78 3070 159 3139 Nam
187 3069 362 3165 saepissime
388 3069 428 3136 ad
456 3069 635 3157 priscorum
664 3070 892 3136 vocabulorum
918 3090 1011 3157 opem
1039 3071 1193 3157 confugit,
1224 3071 1280 3158 qui
1301 3090 1360 3138 no-

82 3170 142 3243 vus
162 3196 229 3243 esse
248 3175 379 3255 studet3
401 3176 463 3243 duo
485 3186 591 3243 autem
612 3177 681 3257 illa,
705 3176 824 3264 priscas
841 3197 932 3243 voces
951 3198 1109 3264 usurpare
1129 3187 1160 3244 et
1179 3198 1277 3246 novas
1291 3197 1361 3265 pro·

80 3284 176 3364 lerre,
192 3302 389 3371 quamquam
408 3283 514 3370 prima
533 3283 637 3371 specie
653 3282 737 3350 inter
752 3303 785 3351 se
801 3283 1029 3366 drversvssvma‚
1049 3305 1082 3352 ιιι
1102 3285 1257 3373 scriptore
1277 3286 1360 3353 hono

79 3400 111 3458 et
127 3390 218 3458 docto
233 3389 313 3457 mire
328 3399 519 3477 congruunt.
547 3417 558 3451 ι

124 3498 290 3565 Severiora
316 3507 423 3565 autent
444 3517 511 3565 esse
533 3508 677 3565 veterum
693 3517 791 3587 quam
815 3496 1029 3567 recentiorum
1048 3498 1087 3566 de
1108 3500 1254 3568 Sallustii
1275 3500 1360 3567 anti-

79 3603 214 3692 quitatis
238 3602 344 3673 studio
361 3604 484 3691 judicia
507 3605 594 3673 haud
613 3605 731 3672 mirum
747 3614 806 3686 est,
829 3606 857 3672 si
882 3605 1013 3673 omnino
1035 3606 1115 3693 quid
1135 3607 1184 3674 illi
1208 3607 1247 3674 de
1263 3607 1358 3694 prisci

80 3710 237 3779 sermonis
264 3709 442 3797 cupiditate
468 3712 625 3778 senserint
648 3721 766 3778 attente
790 3713 1008 3799 respiciamus.
1031 3714 1112 3781 Nam
1132 3723 1162 3780 et
1180 3715 1287 3781 Cicero
1308 3712 1360 3798 (de

81 3828 163 3885 orat.
184 3839 232 3900 ιιι,
254 3818 309 3899 25,
335 3819 392 3898 ot,
409 3828 440 3885 et
463 3818 519 3898 37,
547 3818 641 3904 150),
658 3828 688 3886 et
711 3819 930 3899 Quintilianus
948 3819 996 3906 (rr,
1021 3822 1055 3900 5,
1076 3822 1133 3905 tt)
1157 3822 1196 3888 ab
1218 3821 1361 3888 obsoleta

80 3925 223 3993 oratione
238 3925 414 3992 cavendum
430 3946 497 3992 esse
516 3925 639 3992 docent.
657 3926 718 3993 Sed
731 3946 926 4014 quamquam
941 3938 1062 3994 veteres
1081 3924 1281 4016 antiquitatis
1296 3941 1359 3996 stu·

80 4033 171 4100 dium
183 4031 450 4113 condemnarunt,
471 4031 625 4099 tamenin
649 4033 802 4100 Sallustio
822 4043 990 4122 propterea
1005 4035 1147 4102 excusari
1164 4055 1254 4121 posse
1268 4034 1359 4102 vide-

81 4150 145 4218 tur,
163 4138 250 4227 quod
274 4159 310 4205 eo
332 4149 471 4226 tempore
491 4159 554 4226 quo
575 4139 748 4207 Sallustius
763 4140 902 4227 scripsit,
925 4150 960 4208 ut
974 4140 1060 4228 apud
1084 4142 1211 4210 Graecos
1233 4142 1360 4230 Thucy-

79 4246 165 4314 didis
188 4255 293 4327 aetate,
310 4245 343 4312 in
366 4247 510 4315 oratione
530 4247 760 4314 conformanda
773 4267 842 4315 enos
868 4249 1010 4316 noudum
1029 4271 1087 4317 usu
1108 4249 1271 4317 stabilitus
1292 4259 1361 4317 erat

80 4367 112 4421 et
132 4363 289 4441 receptus,
307 4353 352 4420 ita
375 4365 410 4421 nt
431 4355 557 4441 copiam
576 4355 747 4422 verborum
767 4356 808 4422 ad
835 4355 1004 4424 libidinem
1028 4358 1218 4424 constituere
1236 4359 1356 4437 liceret,

81 4462 229 4548 latusque
245 4471 366 4548 pateret
380 4482 511 4548 campus
527 4462 559 4529 in
574 4483 637 4550 quo
650 4460 809 4547 judicium
822 4464 986 4551 scriptoris
1000 4465 1139 4533 exerceri
1157 4474 1270 4552 posset.
1289 4467 1360 4548 Qua

80 4568 227 4635 libertate
252 4589 328 4635 usus
353 4570 528 4639 Sallustius
548 4589 723 4637 sermonem
746 4569 806 4636 sihi
828 4570 920 4637 finxit
935 4591 1006 4658 quae
1025 4572 1055 4638 vi
1076 4583 1107 4638 et
1131 4574 1285 4659 gravitate
1301 4592 1359 4638 sna

79 4695 153 4743 curn
169 4675 269 4761 ipsius
282 4675 410 4763 iugenio
430 4687 526 4766 atque
542 4677 648 4746 indole
662 4677 743 4746 mire
758 4678 921 4766 congruit3
937 4699 1000 4747 nou
1016 4689 1122 4747 tamen
1139 4679 1240 4763 vitare
1254 4679 1359 4766 potuit

82 4783 162 4870 quin
184 4781 344 4850 interdum
359 4784 548 4853 artificiosus
567 4795 598 4854 et
615 4785 705 4875 quasi
732 4786 850 4856 accitus
872 4786 971 4877 ipsius
993 4807 1097 4859 scruto
1119 4787 1270 4857 novitatis
1291 4788 1359 4879 ipso
