3314 5526
527 778 719 890 PARS
766 779 1104 911 QUARTA.

286 1039 655 1122 sumunxrs
712 1039 1362 1128 nousnourrours·.

763 1315 856 1323 -—.

571 1761 611 1806 bn
634 1761 848 1808 sunsrtttntvts
873 1763 1063 1812 utlttltcttttts.

803 1939 829 2004 l.

453 2108 610 2164 Enuneista
626 2107 803 2164 substantiva
816 2124 882 2165 eum
896 2112 927 2164 ut
942 2111 953 2144 ²
968 2110 1180 2182 conjunctione.

225 2269 365 2338 Verbum
374 2267 557 2358 praecipere
580 2287 652 2334 cum
679 2267 878 2356 conjunctivo
901 2267 968 2334 solo
986 2267 1108 2354 primus
1128 2268 1310 2335 adhibuisse
1329 2269 1461 2337 videtur
1492 2283 1496 2289 ·

181 2376 366 2454 Sallustius,
382 2377 453 2462 lug.
471 2376 527 2454 18,
552 2376 582 2454 1,
593 2374 750 2464 precipit
764 2373 869 2440 omnis
883 2374 1034 2441 mortalis
1044 2374 1187 2464 pecunia
1204 2376 1457 2463 aggrediuntur3

181 2495 213 2548 nt
237 2503 323 2549 more
347 2483 453 2562 solito,
475 2502 547 2549 cum
567 2492 615 2560 ut,
633 2484 702 2549 Cat.
721 2483 775 2559 11,
796 2482 833 2562 5;
853 2483 925 2567 lug.
945 2483 998 2561 13,
1015 2483 1054 2564 6;
1074 2484 1127 2558 11,
1146 2485 1182 2564 1;
1200 2485 1365 2569 nunqua'm
1380 2505 1459 2552 vero

180 2610 252 2656 eum
267 2589 439 2668 infinitivo,
461 2588 545 2676 quod
563 2589 648 2674 apud
663 2590 848 2655 Ciceronem
860 2588 1029 2674 aliquoties
1046 2591 1218 2657 invenitur.
1232 2591 1459 2657 Similiteroe·

179 2687 307 2785 qotitrm
323 2693 416 2774 dore,
433 2696 503 2762 Cat.
526 2695 580 2773 td,
608 2696 639 2767 l,
664 2693 767 2783 iqitur
790 2696 829 2760 P.
854 2693 1016 2762 Umbreno
1037 2694 1170 2765 crudam
1189 2695 1357 2786 aeqotium
1382 2695 1456 2779 dot,

183 2803 228 2869 uti
245 2801 370 2891 loqutus
384 2800 603 2890 Allobroqom
618 2801 777 2889 requirat.

228 2909 417 2997 Conjurare
430 2928 502 2975 cum
522 2908 694 2988 infinitivo,
712 2927 769 2995 pro
782 2918 821 2973 ut
837 2918 869 2974 et
882 2909 1095 2995 conjunctivo,
1114 2911 1199 2996 apud
1216 2910 1296 2978 Sall.
1315 2911 1459 2998 primurn

183 3016 345 3082 invenitur
367 3017 435 3083 Cat.
463 3016 518 3098 52,
542 3016 598 3095 11,
622 3014 838 3103 conjuravere
852 3013 1061 3101 nobilissumi
1077 3014 1154 3082 civis
1174 3014 1325 3104 petrium
1344 3016 1460 3084 ineen-

182 3120 269 3189 dore.

226 3231 475 3319 depecterent,
495 3230 550 3316 qui
567 3229 662 3297 semel
678 3238 803 3295 tantum
819 3229 903 3316 apud
919 3231 1073 3296 Caesarem
1089 3238 1190 3296 exstat
1206 3231 1251 3318 (b.
1269 3251 1296 3296 c.
1317 3252 1341 3306 ι,
1358 3232 1391 3308 6,
1422 3233 1459 3318 6)

183 3357 246 3403 non
270 3337 385 3423 legitur
409 3338 493 3423 apud
515 3337 716 3416 Sallustium,
729 3336 784 3423 qui
805 3337 994 3422 simpliciter
1017 3337 1252 3404 substantivum
1266 3338 1460 3426 plerumque

184 3443 324 3522 adhibet,
341 3454 470 3530 excepto
486 3453 589 3510 tamen
606 3444 686 3509 Hist.
704 3466 727 3522 ι,
745 3444 800 3524 bl,
817 3445 872 3522 to,
893 3444 948 3510 ubi
964 3441 1044 3509 dum
1059 3445 1208 3511 occurrit.

230 3552 353 3639 Optare
365 3561 414 3631 ut,
428 3562 573 3617 mentera
592 3548 630 3617 ut
650 3551 735 3639 apud
752 3551 953 3629 Sallustium,
970 3561 1006 3617 ut
1030 3552 1115 3637 apud
1129 3552 1313 3619 Ciceronem
1332 3561 1363 3618 et
1389 3553 1459 3620 (lao-

185 3677 300 3737 samm,
318 3657 446 3725 desunt.

227 3763 370 3831 Adnitor
384 3776 423 3831 ut
436 3764 576 3852 primum
591 3765 780 3833 aSallustio-
789 3775 980 3851 usurpatum
995 3767 1121 3849 estlug.
1139 3766 1194 3842 85,
1208 3767 1240 3844 6,
1251 3764 1337 3832 mibi
1345 3764 1459 3833 acrius

184 3869 401 3938 adnitendum
421 3881 469 3938 est
482 3870 535 3936 uti
551 3892 655 3960 neque
668 3893 725 3939 uos
737 3870 922 3961 capiemini
935 3881 966 3937 et
980 3869 1033 3937 illi
1047 3873 1177 3959 [rantra
1191 3871 1273 3951 siot3
1295 3893 1367 3960 quae
1382 3893 1457 3938 con·

183 3979 313 4046 structio
333 3987 442 4066 postea
456 3977 545 4046 bivio
565 3979 766 4066 frequentata
782 3978 854 4045 luit.

227 4083 376 4154 Ne'torrtr
391 4086 530 4172 primum
549 4086 688 4153 occurrit
700 4087 768 4153 Cat.
788 4089 819 4164 l,
836 4087 867 4162 l,
888 4106 1019 4151 summo
1034 4107 1094 4174 ope
1112 4083 1177 4151 niti
1187 4083 1277 4152 decet
1295 4107 1335 4152 rra
1353 4083 1459 4153 vitam

183 4190 311 4258 silentio
331 4203 510 4259 transeunt.
530 4193 582 4260 nt.
606 4196 678 4280 lug.
698 4193 751 4274 13,
766 4193 804 4274 8;
822 4193 875 4270 11,
892 4192 947 4270 20,
962 4213 1043 4281 quos
1057 4211 1116 4281 eqo
1132 4190 1232 4258 aredio
1247 4212 1379 4258 summa
1397 4212 1460 4282 ope

215 4374 237 4420 l.
256 4369 284 4419 ln
299 4369 349 4419 hae
361 4374 454 4433 quarta
476 4375 549 4435 purte
562 4369 707 4433 tractanda,
722 4368 850 4419 rationem
861 4374 887 4419 et
909 4367 1048 4419 divisiones
1070 4368 1189 4436 Draegeri
1200 4368 1319 4432 Syntaxis
1339 4367 1460 4419 adhibui·

183 4455 251 4503 mus,
267 4455 318 4504 quo
331 4441 426 4489 laetum
437 4446 514 4490 estut
529 4441 657 4505 quaedum,
672 4455 729 4504 quse
747 4440 821 4505 prius
836 4455 883 4490 nos
894 4440 1031 4506 fugissent,
1058 4439 1162 4490 facilius
1178 4440 1203 4489 in
1223 4454 1301 4504 opere
1316 4454 1458 4504 recognos-

183 4511 264 4561 eondo
279 4511 482 4561 animadvertere
498 4527 528 4562 ue
543 4527 589 4561 suo
604 4511 662 4562 loco
676 4517 767 4561 notare
778 4511 888 4564 licuerit.

215 4595 237 4643 2.
256 4591 397 4642 Pristinam
417 4592 528 4641 formam
542 4595 584 4644 tttl
601 4592 682 4642 multo
697 4591 857 4655 frequentius
875 4591 982 4642 adhibet
996 4591 1133 4643 Sallustius
1150 4606 1228 4656 quam
1243 4593 1292 4652 tet,·
1316 4590 1402 4655 itaque
1417 4594 1457 4642 tell

184 4662 262 4712 etiam
274 4668 332 4713 aute
346 4663 449 4713 voculas
467 4663 563 4729 legitur
578 4662 693 4728 pluribus
709 4663 784 4725 loeis,
802 4670 830 4713 nt
850 4664 904 4713 Cat.
922 4667 961 4723 11,
984 4667 1014 4724 5;
1031 4663 1071 4720 17,
1086 4666 1114 4724 3;
1134 4663 1195 4728 Jug.
1210 4665 1249 4724 11,
1265 4665 1308 4722 13;
1324 4664 1363 4724 28,
1379 4665 1390 4713 l
1404 4665 1458 4714 et2

184 4739 243 4795 ste.¹
260 4735 350 4799 (multo
366 4734 463 4799 saepius
475 4749 553 4800 quam
567 4734 593 4784 in
608 4735 737 4798 Catilina).
1039 4738 1042 4743 ”
