3314 5526
737 420 910 482 ..85-

186 568 420 653 conjunctione,
442 569 526 655 quod
544 569 609 635 vim
623 570 709 636 verbi
727 580 790 635 tam
807 569 950 635 amisisse
974 590 1070 656 quam
1088 581 1227 633 servasse
1243 577 1319 633 sane'
1337 567 1452 656 potuit.

231 676 266 738 5⁰
293 675 417 760 Saepius
437 675 574 761 denique
599 677 771 742 Sallustius
806 696 977 761 pronomen
1004 676 1172 741 relativum
1195 674 1233 739 ad
1251 692 1460 760 praegressum

188 800 361 866 pronomen
378 784 588 868 possessivum
607 784 715 863 refert,
733 784 777 848 ita
797 795 832 848 ut
846 803 918 849 cum
936 783 1123 868 pronomine
1141 801 1295 865 persona,
1317 779 1401 866 quod
1428 781 1458 843 in

189 890 362 973 possessivo
380 893 467 969 latet,
491 910 606 973 genere
619 903 648 956 et
671 910 803 955 numero
825 900 1004 975 congruat:
1024 891 1091 954 Cat.
1110 891 1165 968 33,
1189 889 1221 965 l,
1241 884 1300 953 sed
1320 886 1370 951 uti
1388 908 1460 951 cor-

185 1016 272 1083 pora
288 1008 396 1061 nostra
409 993 451 1060 ab
468 995 596 1083 r‘njuria
611 1008 683 1062 tuto
691 997 815 1084 forent,
829 997 881 1082 qui
900 994 1023 1074 miseri,
1038 1007 1177 1082 epoptes,
1190 992 1348 1058 uiolentia
1362 1004 1461 1079 atque

186 1100 380 1168 crudelitate
395 1103 638 1191 [accercitorum
657 1101 809 1191 plerique
820 1102 952 1191 patriae,
969 1101 1027 1167 scri
1039 1123 1150 1167 omrtes
1163 1101 1260 1188 sumu
1275 1111 1374 1186 utque
1386 1100 1461 1188 [or--

188 1209 273 1274 trmis
297 1221 445 1298 acepertus
466 1231 596 1288 sumus3
618 1213 689 1298 lug.
715 1211 771 1291 85,
797 1212 852 1288 28,
876 1222 981 1276 vostra
1005 1207 1142 1274 consilio
1171 1218 1380 1282 accersantur,
1405 1205 1460 1291 qui

187 1312 271 1379 milri
287 1336 456 1381 crimmum
486 1315 642 1381 tortorem
666 1328 699 1381 ct
718 1338 915 1381 rrruavrmrrm
939 1315 1108 1405 rt'cpotirrm
1134 1314 1331 1400 inposuistis.
1362 1312 1461 1376 Bads·

191 1422 361 1487 tuebnerus
375 1424 496 1488 confert
510 1423 575 1489 Cic.
594 1425 634 1489 ad
646 1424 747 1488 famil.
762 1424 795 1504 Ξ),
810 1424 863 1502 tl,
878 1435 981 1487 totum
997 1421 1165 1509 rrepotium
1180 1441 1245 1485 aron
1264 1432 1309 1485 est
1324 1417 1462 1506 dipmrm

186 1526 461 1607 viribus-nostris,
481 1531 535 1615 qui
554 1531 687 1615 possim;
707 1550 762 1615 pro
779 1526 881 1609 Sulla,
900 1531 959 1608 293
974 1530 1004 1594 in
1020 1531 1092 1596 Vnt.
1110 1530 1167 1607 1023
1183 1530 1256 1593 Tac.
1270 1527 1343 1592 hist.
1362 1548 1385 1604 r,
1400 1525 1461 1602 a&

165 1682 169 1694 .
187 1636 312 1700 Terent.
331 1635 466 1722 Adelph.
485 1659 515 1717 v,
537 1639 570 1717 d,
587 1637 642 1716 27,
659 1657 696 1702 cx
716 1637 865 1702 Rnddim.
886 1637 988 1703 instit.
1008 1657 1041 1715 n,
1064 1657 1095 1721 p.
1114 1635 1179 1701 388
1196 1634 1460 1722 petitaexemplu‚

193 1742 248 1828 qui
265 1743 346 1809 hanc
366 1753 560 1811 structuram
574 1744 701 1831 synesin
718 1744 907 1830 implicitam
925 1755 1028 1809 vocat.
1467 1726 1471 1732 ’

799 1905 852 1972 Vl.

384 2047 547 2100 Pronomen
560 2047 595 2101 ad
610 2051 704 2101 toturn
719 2062 909 2117 praegressum
924 2045 1105 2102 enuntiatum
1122 2050 1262 2116 spectans.

232 2172 306 2236 Haec
333 2170 372 2237 de
405 2173 637 2238 constructione
661 2171 708 2237 ud
736 2193 866 2238 sensiam
889 2184 944 2238 aut
963 2193 1028 2261 per
1051 2171 1195 2260 sperarim
1223 2171 1357 2236 dicenda
1395 2170 1463 2234 visa

190 2288 279 2356 sunt3
294 2278 361 2364 jam
376 2298 450 2343 vero
469 2299 569 2364 pauca
583 2281 726 2364 exemplu
745 2280 914 2346 aderamus
934 2281 1051 2366 quibus
1069 2299 1241 2364 pronomen
1258 2281 1405 2362 (uterque
1419 2312 1464 2327 -

190 2385 283 2468 alter)
298 2388 443 2450 neutrius
458 2387 582 2471 generis
602 2386 756 2469 singulari
774 2406 905 2452 numero
921 2387 1059 2472 positum
1079 2387 1131 2464 sit,
1149 2406 1212 2450 non
1228 2384 1325 2471 quod,
1343 2396 1378 2450 ut
1396 2386 1463 2449 vult

189 2491 419 2572 Badstuebner‚
441 2493 481 2557 ad
505 2493 568 2558 duo
588 2493 787 2558 substantiva
816 2493 931 2558 diversi
953 2493 1077 2579 generis
1099 2512 1271 2576 pronomen
1293 2493 1461 2571 reseratur,

189 2597 243 2662 sed
263 2598 340 2683 quia
357 2598 396 2663 ad
410 2601 596 2666 universum
617 2620 743 2665 sensum
767 2601 929 2686 praegressi
947 2600 1104 2665 enuntiati
1123 2610 1262 2685 spectate
1283 2598 1351 2664 Cat.
1371 2599 1403 2676 l,
1429 2600 1461 2675 ⁶2,

188 2701 247 2770 sed
268 2717 381 2770 nostru
407 2704 513 2771 omnis
533 2707 581 2771 vis
600 2706 635 2771 ira
655 2706 766 2772 ortimo
782 2718 814 2772 et
832 2728 967 2796 corporo
989 2707 1054 2772 site
1076 2719 1123 2772 est
1143 2731 1150 2771 ε
1173 2704 1282 2771 opimi
1308 2703 1461 2793 imperio,

189 2810 335 2899 corporis
347 2811 478 2878 servitio
498 2811 606 2901 mopis
624 2813 771 2891 utimzrr3
793 2814 936 2880 alterum
952 2817 1007 2897 (sc.
1023 2814 1120 2880 animi
1141 2813 1276 2900 imperio
1291 2813 1351 2896 uti)
1370 2809 1464 2876 raobis

190 2915 335 2995 eumelus,
347 2917 488 2985 alterum
499 2908 702 3006 (sccorporis
712 2923 843 2987 servitio
856 2922 917 3006 uti)
929 2943 1004 2986 cerm
1014 2918 1130 2986 belluis·
1140 2930 1383 2996 commrmcest3
1394 2919 1462 2984 Cat.

192 3025 223 3103 l,
244 3024 277 3102 6,
296 3046 376 3090 nam
391 3036 423 3090 et
432 3025 635 3114 priusquam
656 3026 796 3116 mumius
816 3027 974 3108 consultu,
997 3025 1104 3108 eterbi
1119 3025 1321 3092 consulueris
1336 3036 1466 3090 mature
1556 3106 1559 3111 q

188 3131 280 3220 secto
297 3152 378 3218 opus
399 3143 456 3196 est.
479 3135 531 3197 Itcr
552 3144 730 3221 utrumque
749 3135 794 3216 (id
815 3147 861 3200 est
881 3137 1104 3201 consulere-
1121 3134 1465 3219 postconsultationern

189 3250 313 3303 mature
330 3239 483 3324 incipere)
491 3261 553 3327 per
567 3261 601 3304 se
616 3237 766 3327 indigueris
781 3240 918 3306 ulterius
928 3240 1056 3306 caecilio
1074 3252 1160 3328 epet3
1177 3243 1193 3305 J
1198 3262 1249 3327 ug.
1268 3241 1300 3318 7,
1315 3241 1347 3317 5,
1365 3259 1404 3303 oc
1417 3260 1466 3303 so·

190 3366 241 3423 ne,
258 3342 349 3431 quod
362 3342 613 3433 difficillumum
631 3345 666 3412 io
677 3347 797 3435 primis
810 3359 868 3426 est,
886 3358 917 3412 et
927 3346 1044 3435 praelio
1059 3359 1213 3413 strenuus
1229 3357 1302 3412 erat
1316 3358 1348 3412 et
1364 3345 1467 3411 tonza

189 3450 335 3532 vermilio,
352 3472 489 3538 quorum
505 3457 641 3519 alterum
661 3476 701 3519 ecc
730 3453 942 3542 prouidentia
957 3455 1120 3532 timorem,
1139 3457 1273 3521 alterum
1295 3474 1335 3519 ear
1356 3451 1463 3518 nardu-

191 3557 244 3623 cia
260 3559 475 3624 temeritatem
494 3557 627 3649 adferre
635 3559 834 3649 plerumque
847 3560 938 3626 solet.

586 3813 588 3817 y
784 3721 861 3788 vn.

447 3862 486 3915 lle
503 3861 643 3916 adverbiis
658 3878 709 3933 pro
725 3862 918 3933 praedicativis
935 3862 1084 3932 adjectivis
1096 3863 1205 3932 positis.

234 3996 431 4073 adverbium
459 4018 531 4064 cum
555 3998 651 4064 verbo
671 4019 736 4064 esse
757 4001 917 4086 junctum,
945 4018 979 4064 au
1003 4000 1103 4064 vicem
1135 3997 1296 4082 praedicati
1320 3996 1464 4084 adjectivi

192 4107 355 4189 supplens,
379 4107 500 4190 saepius
516 4104 600 4190 apud
619 4096 727 4171 omnes
751 4109 919 4191 scriptores
937 4106 1064 4183 latinos,
1090 4105 1262 4189 saepissime
1287 4124 1361 4169 vero
1382 4105 1467 4187 apud

193 4212 381 4278 Sallustium
408 4213 581 4297 invenitur,
609 4214 639 4278 in
666 4233 725 4297 qna
747 4224 921 4291 structura,
954 4213 1106 4297 utverbis
1125 4214 1176 4280 W.
1195 4212 1338 4279 Muelleri
1358 4211 1475 4292 ¹ntur.

192 4320 322 4383 verbum
343 4339 409 4383 esse
425 4339 487 4384 non
502 4322 606 4386 solum
630 4321 694 4385 vim
722 4321 935 4404 copulativam
962 4320 1068 4395 habet.
1090 4319 1143 4385 sed
1166 4339 1263 4405 prope
1285 4318 1324 4383 ad
1350 4316 1466 4404 signifi·
1518 4371 1521 4378 .

191 4426 347 4491 cationum
368 4418 537 4492 verborum
561 4454 572 4487 ‹
594 4427 714 4505 adesse,
732 4446 764 4491 se
779 4427 923 4492 habore»
944 4426 1075 4492 accedit.
1451 4428 1454 4432 ’

237 4531 1466 4618 l⁰Nonnullaveroadverbiapauloinsolentius-adhibethacconstructione‚

193 4640 327 4725 scriptor
362 4653 480 4721 noster,
508 4641 683 4726 praesertim
706 4639 849 4728 frustra,
877 4640 962 4724 quod
991 4659 1158 4726 nunquam
1187 4659 1258 4705 cum
1283 4639 1378 4704 verbo
1403 4658 1469 4705 esse

227 4773 246 4818 l.
265 4769 307 4818 W.
320 4770 439 4820 Mueller.
454 4772 582 4835 Philolog.
599 4771 646 4821 rol.
662 4772 688 4830 9,
700 4786 759 4836 pag.
773 4776 817 4822 ttlt
830 4787 886 4835 sqq.
913 4816 916 4825 ,
