3314 5526
749 396 946 453 -497-

242 548 278 613 Β.
304 580 350 596 -
372 548 550 614 bunnensi
576 567 792 614 rnorourioms
811 549 916 613 varius
934 549 1052 614 formas
1068 547 1218 613 induunt.

242 655 321 720 Cum
337 654 586 720 demonstrativo
598 653 657 727 ite,
675 665 714 719 ut
724 653 863 742 quisque
877 655 926 720 bis
941 665 1065 720 tantum
1079 675 1096 719 a
1109 655 1263 720 Sallustio
1276 664 1472 740 usurpatur:

195 763 213 827 J
218 782 270 848 ug.
287 762 343 838 93,
362 762 394 838 7,
411 781 553 848 quorum
568 761 620 827 uti
630 759 792 849 cujusque
805 761 976 850 iupeuium
990 771 1073 841 erat,
1090 761 1219 827 iterem
1232 758 1401 850 difficilem
1416 772 1478 827 eut

195 866 332 956 facilem
351 867 562 949 utentiacere3
583 888 655 934 cum
673 869 871 953 superlativo
889 869 922 934 in
942 869 1075 934 relativo
1095 869 1250 947 membro,
1266 870 1337 952 Jug.
1359 868 1416 943 84,
1440 870 1472 948 4,

193 975 333 1064 portati
343 973 481 1062 quicque
495 972 761 1063 opulentissimus
775 972 948 1055 uideatur,
957 973 1006 1040 itu
1015 973 1174 1042 Romanis
1188 974 1314 1040 bostem
1326 974 1402 1062 fore
1417 996 1426 1054 3
1443 985 1476 1040 at

196 1083 267 1148 sine
279 1081 528 1148 demonstrativo
539 1083 641 1147 mutto
656 1081 775 1168 saepius
792 1103 799 1146 :
817 1083 887 1149 944.
903 1083 935 1159 4,
953 1083 990 1160 9;
1012 1083 1065 1159 44,
1078 1083 1116 1160 6;
1135 1083 1190 1159 54,
1208 1082 1267 1162 33;
1284 1083 1339 1161 56,
1357 1082 1377 1147 9
1393 1082 1472 1160 643;

195 1190 267 1275 Jug.
285 1189 340 1265 96,
358 1188 395 1269 3;
418 1189 528 1268 44,8;
547 1190 601 1267 44,
618 1190 655 1268 6;
678 1189 732 1268 49,
750 1191 786 1266 4;
805 1189 861 1268 60,
887 1190 923 1269 4;
944 1190 1054 1268 86,9;
1074 1189 1130 1268 97,
1148 1190 1184 1268 4;
1202 1190 1282 1254 Hist.
1300 1210 1323 1267 1,
1346 1189 1400 1267 44,
1420 1185 1477 1254 aed

145 1283 147 1287 ¹
196 1295 248 1362 uti
261 1294 400 1384 quisque
415 1293 702 1384 locupletissumus
716 1306 749 1360 et
758 1295 887 1384 injuria
901 1293 1056 1369 ualidior,
1073 1295 1155 1383 puin
1167 1294 1344 1384 presentie
1359 1292 1475 1383 defen-

195 1401 307 1482 debat,
324 1423 389 1491 pro
405 1400 489 1468 bono
508 1399 701 1482 ducebatur,
719 1403 772 1468 ubi
788 1404 1004 1488 superlativus
1016 1415 1048 1470 64
1063 1402 1298 1491 comparativus
1310 1403 1402 1490 juxta
1417 1421 1474 1489 po-

195 1509 266 1589 siti3
283 1529 354 1575 cum
370 1509 580 1594 superlativo,
593 1509 665 1594 Jug.
681 1509 736 1590 94,
758 1511 791 1590 5,
814 1506 932 1576 duride
950 1511 1003 1576 uti
1021 1509 1160 1598 quisque
1177 1530 1274 1576 muro
1283 1529 1474 1598 proxumus

195 1626 278 1695 erut,
288 1626 459 1704 postremo
474 1614 585 1681 cuncti
597 1615 723 1682 armate·
734 1615 949 1705 inermesque.

241 1724 315 1804 Quo
328 1758 372 1772 -
382 1743 432 1803 ee,
445 1731 596 1809 sequente
604 1724 833 1808 comparativo,
845 1744 909 1790 non
922 1724 966 1789 ita
977 1725 1126 1810 frequens
1140 1725 1255 1809 iegitur
1268 1746 1275 1789 :
1289 1724 1358 1790 Cat.
1372 1724 1427 1800 54,
1438 1725 1471 1802 6,

196 1829 245 1895 ita
259 1850 325 1917 quo
339 1828 450 1895 miuus
458 1827 593 1916 petebat
601 1829 757 1917 plocium,
774 1816 811 1896 eo
826 1830 935 1917 mupis
949 1829 1045 1896 illum
1054 1829 1270 1919 sequebatur3
1282 1831 1352 1916 Jug.
1366 1830 1422 1908 85,
1437 1830 1471 1907 9,

194 1957 274 2002 uum
287 1957 353 2024 quo
362 1934 475 2024 pluris
483 1947 531 2002 644
543 1935 700 2002 univorsa
715 1935 914 2027 respublica
925 1958 1028 2026 quam
1038 1936 1227 2004 consulatus
1238 1947 1300 2004 cut
1307 1948 1470 2026 peretum,

195 2063 232 2108 66
247 2042 378 2131 majore
393 2063 475 2108 cure
488 2041 582 2108 illum
593 2040 825 2109 administrari
838 2065 940 2131 quum
955 2042 1024 2110 bec
1034 2044 1106 2132 peti
1119 2042 1252 2124 debere3
1270 2044 1310 2109 cf.
1328 2046 1399 2122 444.
1415 2045 1470 2123 99,

194 2151 231 2230 3;
248 2151 303 2229 55,
319 2151 339 2215 4
347 2174 356 2230 ;
374 2171 411 2215 66
423 2169 545 2237 -quo
558 2151 629 2235 Jug.
649 2152 704 2229 34,
723 2152 775 2217 47.
787 2151 969 2237 -Saepius
981 2151 1472 2219 veroSallustiusdemonstrati-

194 2277 271 2345 vum
285 2255 437 2336 detrahit,
454 2267 559 2344 etque
571 2277 628 2343 pro
639 2279 676 2323 eo
690 2257 782 2324 initio
797 2259 917 2343 periodi
931 2259 1022 2344 ponit
1033 2269 1066 2324 ut
1077 2278 1149 2324 cum
1161 2278 1333 2344 praegresso
1344 2257 1470 2344 jungat,

193 2365 282 2430 velut
297 2365 367 2430 Cat.
391 2365 423 2442 4,
440 2364 472 2441 3,
492 2362 635 2429 alterum
654 2362 748 2430 uobis
761 2384 836 2430 cum
849 2362 912 2444 644,
929 2362 1073 2430 alterum
1091 2386 1167 2430 cum
1184 2362 1286 2431 beluis
1299 2385 1472 2432 commuue
1537 2364 1542 2373 '

122 2499 126 2505 ·
193 2480 251 2536 644.
270 2471 344 2551 Quo
354 2469 441 2536 mibi
452 2470 573 2537 rectius
587 2468 718 2537 uidetur
729 2469 843 2559 inperii
852 2491 955 2559 qucum
964 2471 1086 2537 6444644
1101 2471 1219 2561 opibus
1228 2470 1372 2560 plurium
1386 2493 1472 2560 pue·

137 2667 140 2671 ,
191 2598 265 2643 rere
279 2577 306 2656 1;
324 2578 364 2643 64.
379 2579 435 2655 37,
452 2578 489 2657 8;
507 2579 562 2656 59,
575 2579 634 2653 35;
652 2579 707 2658 58,
721 2579 780 2657 49;
796 2580 867 2664 Jug.
883 2580 916 2654 9,
934 2581 971 2658 4;
985 2580 1038 2660 44,
1053 2580 1110 2657 49;
1123 2580 1229 2659 85,6;
1243 2580 1322 2646 Hist.
1338 2579 1399 2646 inc.
1413 2581 1467 2646 99.

238 2684 435 2766 Quanto-
459 2695 551 2750 tauto
578 2706 595 2750 a
621 2705 687 2772 quc
711 2721 757 2735 -
781 2707 819 2752 eo
844 2706 907 2752 nou
931 2687 1068 2753 multum
1095 2687 1213 2763 differt,
1240 2688 1283 2753 ita
1308 2697 1411 2753 tamen
1436 2699 1471 2753 ut

193 2802 319 2879 quanto
332 2826 378 2842 -
393 2802 484 2857 tauto
497 2793 659 2858 notionem
674 2792 791 2879 gradus
808 2792 944 2872 addaut3
960 2793 1051 2879 cujus
1065 2795 1308 2860 constructionis
1324 2795 1388 2861 baec
1403 2805 1470 2859 tan-

194 2911 262 2964 tum
280 2910 420 2985 quatuor
439 2900 584 2984 exempla
600 2899 733 2983 inveni:
753 2901 822 2966 Cat.
841 2901 895 2973 59,
920 2901 976 2976 48;
997 2902 1068 2985 Jug.
1086 2902 1142 2981 85,
1159 2902 1218 2979 99;
1237 2903 1313 2981 407,
1330 2903 1366 2978 4;
1385 2902 1465 2966 Hist.

192 3027 215 3084 1,
228 3007 284 3083 54,
302 3006 360 3084 47;
379 3015 411 3070 44
423 3006 503 3071 Hist.
519 3027 566 3085 ιιι,
579 3007 634 3083 89,
652 3007 684 3083 3,
699 3027 805 3094 neque
818 3026 871 3072 me
881 3006 1032 3095 praeterit
1045 3019 1188 3095 quantus
1202 3014 1278 3098 opes
1292 3046 1346 3087 —,
1364 3028 1467 3096 qucu-

192 3122 290 3200 466446
304 3111 406 3178 tutius
417 3111 523 3200 factio
533 3112 712 3179 neruorum
725 3125 806 3200 apat
818 3134 922 3201 quum
935 3112 1000 3179 soli
1011 3113 1208 3193 ireuoccutes,
1225 3117 1250 3180 si
1267 3117 1369 3181 oratio
1385 3126 1465 3181 recta
1513 3102 1524 3123 ’

191 3228 285 3298 64464,
307 3229 433 3307 quanto
453 3219 485 3284 in
503 3217 610 3285 multo
628 3229 819 3286 mutaretur.
1124 3307 1128 3313 ῃ

238 3327 347 3407 Ouum
361 3362 403 3375 -
419 3336 500 3405 tam,
515 3337 668 3412 sequente
683 3326 893 3411 superlativo,
909 3327 1089 3393 auctionem
1105 3329 1286 3407 relativam,
1303 3340 1338 3394 ut
1352 3338 1383 3394 et
1401 3349 1467 3416 quo

190 3468 233 3484 -
259 3453 296 3498 eo
320 3445 473 3520 sequente
494 3434 725 3518 comparativo,
748 3433 906 3520 designat,
935 3444 979 3512 et,
1008 3445 1042 3500 ut
1066 3435 1202 3514 uidetur,
1230 3436 1467 3520 antiquioribus

190 3540 398 3626 scriptoribus
413 3540 579 3626 proprium
595 3541 671 3620 fuit3
692 3541 746 3627 (cf.
764 3541 835 3624 Ter.
851 3543 947 3607 Haut.
964 3562 995 3619 ι,
1012 3543 1045 3619 9,
1060 3544 1120 3623 44;
1141 3543 1200 3609 Ad.
1217 3564 1265 3623 ιιι,
1281 3544 1313 3623 4,
1331 3544 1390 3623 56;
1412 3544 1467 3610 Ca·
1503 3538 1509 3545 ’

191 3656 257 3713 464.
276 3646 315 3713 66
332 3667 364 3713 46
380 3658 460 3713 4444.
478 3648 534 3727 65,
554 3650 622 3713 964
642 3649 718 3728 457,
733 3649 771 3727 8;
788 3648 902 3734 fragm.
921 3669 953 3734 p.
971 3650 1026 3725 85,
1045 3649 1256 3734 9(464644.);
1276 3649 1409 3717 Varron.
1427 3651 1467 3716 de

190 3774 224 3820 re
240 3764 320 3820 rust.
339 3775 373 3835 11,
390 3755 437 3838 9).
454 3756 566 3821 Postea
580 3775 655 3820 vero
672 3755 712 3820 ad
728 3755 812 3820 bunc
828 3775 922 3821 usum
937 3755 1088 3822 adbibita
1104 3766 1180 3822 sunt
1198 3768 1235 3822 ut
1251 3755 1355 3823 —itu
1371 3758 1466 3842 parti·

189 3861 283 3936 culae,
295 3882 368 3947 quae
382 3860 513 3948 quidem
528 3859 621 3926 modi
629 3862 901 3948 comparationem
913 3863 1097 3943 instituunt,
1110 3864 1232 3948 priores
1242 3882 1317 3929 voro
1329 3867 1412 3947 (tam
1423 3899 1468 3913 -

190 3968 308 4056 quum)
325 3969 595 4055 comparationem
610 3968 728 4055 gradus
744 3969 923 4055 designaut.
945 3971 1008 4036 Hoc
1024 3978 1130 4036 autem
1145 3990 1245 4036 unum
1265 3971 1468 4037 constructio·

221 4183 244 4229 4.
258 4178 430 4229 Grue'ndelius
445 4179 488 4243 qui
505 4180 677 4244 (0466466466
691 4181 859 4231 Sallustianae
874 4197 899 4246 p.
918 4183 1015 4249 bsqq.)
1032 4182 1064 4231 (46
1077 4182 1128 4232 hoc
1142 4184 1200 4234 loco
1215 4184 1299 4234 fusius
1313 4183 1464 4247 disputavit,

188 4262 242 4312 quo
254 4265 301 4314 pro
313 4255 337 4299 64
347 4262 377 4301 66
391 4251 423 4301 de
437 4263 466 4301 re
478 4250 518 4299 vel
534 4254 560 4303 64
571 4256 724 4315 propterea
738 4252 850 4316 positum
866 4257 963 4314 664464,
978 4253 1115 4302 conferens
1127 4269 1186 4303 cum
1201 4253 1234 4303 iis
1248 4254 1314 4303 iocis
1325 4254 1418 4317 quibus
1434 4267 1465 4305 eo

188 4320 259 4370 idem
274 4320 341 4384 quod
354 4321 414 4372 ideo
429 4321 515 4370 valere
530 4323 697 4385 perspicuum
712 4328 760 4377 est
777 4329 805 4372 ut
819 4323 875 4372 Cat.
889 4327 927 4379 90,
944 4326 966 4384 3,
980 4325 1026 4374 sed
1038 4323 1098 4387 quia
1108 4325 1202 4376 multis
1212 4328 1349 4388 4444644444
1359 4328 1466 4390 tempes-

188 4392 289 4444 4644464
306 4404 353 4443 464
370 4393 483 4456 66944644·
497 4393 575 4458 464444
587 4391 706 4458 fidosque
723 4393 799 4453 4444444,
814 4410 846 4445 6ο
861 4397 967 4446 unimus
983 4407 1068 4447 ausus
1083 4401 1122 4446 644
1139 4409 1298 4448 maxumum
1312 4401 1391 4461 64466
1404 4398 1464 4459 put-

187 4461 359 4515 cberrumum
373 4463 506 4528 fucinus
498 4478 665 4530 rumpere
642 4465 686 4529 (64
702 4465 730 4515 C.
746 4469 785 4525 54,
800 4471 842 4530 44;
857 4467 882 4516 4.
898 4469 936 4525 24,
953 4467 1001 4549 44)
1018 4467 1117 4516 Eodem
1129 4468 1206 4518 modo
1220 4467 1331 4533 explicat
1346 4481 1401 4532 quo
1416 4468 1464 4533 (vet

186 4529 234 4598 ec),
252 4533 274 4583 si
290 4549 357 4584 unus
372 4534 563 4600 comparativus
578 4543 711 4600 sequatur,
728 4543 756 4586 ut
770 4536 826 4588 Cat.
841 4540 880 4600 43,
894 4540 918 4597 5,
934 4538 1043 4589 unimus
1054 4539 1165 4590 tributus
1178 4540 1259 4592 446444
1276 4540 1378 4591 artibus
1390 4539 1466 4590 baud

187 4605 266 4657 466446
281 4606 448 4658 4644444664
459 4608 580 4669 carebat,
596 4622 628 4657 66
641 4607 785 4672 profusius
799 4609 1017 4661 cuuuucnoun
1025 4611 1135 4674 quaestui
1145 4614 1224 4674 utque
1232 4613 1352 4672 sumptui
1362 4610 1465 4662 6664464

187 4679 259 4728 erat.
275 4676 657 4761 (04.0.34,8;,59466435;
674 4681 1082 4744 58,;.,;424943,;,;44449
1098 4685 1464 4744 55·,·,,9646306356,

188 4749 227 4807 94,
241 4751 274 4810 6).
289 4747 368 4813 Cujus
382 4748 502 4814 equidem
517 4749 667 4814 opinionem
681 4766 732 4801 non
748 4766 852 4817 possum
868 4751 931 4817 quin
946 4753 1098 4817 amplectar
