3314 5526
547 826 750 952 innui
792 825 1109 922 unerrnn.

190 1511 333 1564 Pnnrnrro
341 1546 752 1564 .......................
758 1565 765 1576 ,
764 1546 1390 1565 ....................................
1414 1525 1466 1565 1-1v

694 1740 796 1806 PARS
815 1740 954 1807 PRIMA.

703 1934 742 1977 DE
766 1935 949 1982 ELEMENTIS.

240 2117 365 2168 curun
384 2119 415 2165 Ι.
435 2141 468 2150 -
485 2118 539 2166 ne
558 2115 855 2175 orthographia.

378 2202 412 2254 A.
429 2229 463 2238 —
478 2197 593 2254 vocalis
607 2215 626 2253 n
639 2214 694 2272 pro
707 2204 718 2253 i
722 2238 974 2256 ...............
984 2209 985 2213 ’
986 2240 1369 2259 ......................

384 2291 412 2344 Β.
426 2318 461 2329 -
476 2287 591 2344 Vocalis
606 2305 624 2342 u
638 2304 693 2360 pro
709 2305 723 2344 o
734 2328 1371 2348 .....................................
1448 2302 1464 2346 ⁶.

380 2378 410 2434 C.
429 2407 459 2418 -
477 2376 591 2433 vocalis
607 2393 692 2450 opro
707 2394 726 2432 u
741 2380 792 2434 aut
807 2394 829 2446 e,
845 2381 914 2450 post
932 2395 948 2433 υ
954 2418 1370 2438 ........................
1448 2386 1455 2409 ⁶

372 2469 404 2522 D.
421 2497 455 2507 —
471 2465 585 2522 Vonalis
598 2483 611 2521 e
623 2482 679 2538 pro
693 2471 703 2521 l
707 2506 1371 2526 ......................................

373 2558 403 2611 Ε.
420 2585 454 2597 -
470 2555 676 2611 Consonantes
690 2595 1370 2614 .......................................
1449 2565 1453 2577 ·

209 2651 334 2702 curun
352 2651 400 2700 ΙΙ.
419 2675 454 2684 -·
468 2652 523 2700 ne
541 2649 819 2700 declinatione..

368 2739 401 2790 A.
417 2764 452 2773 -
468 2732 629 2789 Declinatio
644 2723 778 2806 primas
779 2770 1369 2792 ..................................
1447 2738 1464 2791 4
1483 2752 1486 2756 '

370 2826 399 2879 Β.
416 2821 625 2879 -Deelinatio
641 2822 775 2879 secunda
778 2864 906 2880 ........
907 2822 912 2832 '
917 2863 1370 2882 ..........................
1448 2828 1463 2879 5

367 2914 397 2967 C.
413 2942 448 2952 -
462 2910 625 2968 Declinatio
637 2911 723 2968 tertia
726 2952 1371 2970 .....................................
1448 2916 1463 2967 5

358 3002 396 3056 l).
414 3031 449 3040 -
463 2998 626 3057 Declinatio
643 3005 752 3072 quarta
757 3040 1371 3058 ...................................
1448 3003 1464 3055 6

363 3091 394 3145 Ε.
410 3119 446 3129 -
460 3088 622 3146 [inclinatio
638 3088 742 3162 quinta
745 3129 1371 3148 ....................................
1447 3096 1463 3145 7

366 3181 395 3234 F.
411 3181 546 3236 -Noetu
559 3178 661 3245 diuque
674 3178 733 3250 (dtu
750 3182 894 3248 noctuque)
901 3219 1371 3237 ...........................
1448 3185 1465 3235 7

364 3268 395 3323 G.
411 3297 446 3307 -
460 3268 553 3323 Plebes
567 3270 595 3322 et
604 3268 682 3337 plebs
688 3307 1371 3325 .......................................
1448 3273 1463 3322 7

364 3358 396 3413 H.
414 3388 448 3396 —
462 3354 641 3412 Terminatio
655 3355 686 3411 in
703 3357 767 3411 talo
774 3397 1370 3415 ..................................

374 3447 396 3500 l.
413 3476 448 3487 -
460 3443 640 3501 Terminatio
654 3444 686 3500 in
702 3450 822 3502 meretum
829 3484 1371 3503 ...............................

370 3536 396 3589 J.
411 3564 446 3575 -
459 3534 525 3600 Quis
537 3549 593 3608 pro
608 3535 708 3602 quibus
719 3574 1370 3592 .....................................
1448 3538 1464 3589 8

361 3624 395 3678 K.
410 3620 620 3679 -Declinatio
635 3623 824 3696 pronominis
837 3625 931 3680 nullus
937 3663 1372 3682 .........................
1448 3626 1464 3678 9

185 3717 310 3769 carun
326 3718 395 3792 m.
412 3742 447 3752 —
460 3721 515 3768 na
530 3719 825 3780 conjugatione.

369 3801 391 3857 l.
409 3831 442 3842 -
456 3802 496 3857 lle
510 3801 641 3874 perlecto
654 3803 816 3859 verborum
831 3805 941 3872 neglego
957 3806 985 3859 et
999 3804 1126 3871 intellego
1132 3841 1371 3860 ..............
1433 3803 1465 3856 10

351 3891 387 3944 ll.
402 3892 491 3946 -De
506 3890 716 3947 terminatione
727 3891 819 3948 tertiae
829 3907 966 3964 persona
978 3890 1103 3965 pluralis
1112 3890 1234 3964 perlecti
1252 3889 1340 3947 activi
1363 3930 1370 3946 .
1432 3893 1464 3944 10

340 3980 387 4034 lll.
403 3982 493 4037 -De
508 3979 666 4052 gerundivi
681 3985 709 4037 et
723 3980 862 4052 gerundii
877 3980 1087 4038 terminatione
1097 4020 1371 4038 ................
1433 3982 1460 4033 ll

340 4069 385 4125 lV.
401 4099 437 4110 -
451 4072 492 4126 Da
505 4068 610 4127 formis
621 4068 806 4143 quibusdam
818 4070 1029 4142 singularibus.
1047 4101 1082 4111 -
1098 4072 1235 4138 Nequiter
1243 4109 1371 4126 ........
1432 4071 1464 4122 l‘l

639 4310 642 4317 '
668 4301 767 4368 PARS
790 4301 986 4370 SECUNDA.

625 4534 628 4540 .
664 4502 704 4545 DE
728 4501 895 4547 Pontianum
914 4501 985 4548 USU.

213 4679 338 4733 cnm
353 4681 383 4732 Ι.
401 4706 435 4716 -
452 4683 503 4731 ne
518 4674 859 4731 substantivorum
874 4690 962 4730 unu.

362 4767 384 4819 l.
406 4795 434 4804 -
451 4761 615 4837 Singularis
629 4778 774 4820 numerus
787 4779 843 4838 pro
857 4762 965 4837 plurali
973 4802 1370 4820 .......................
1430 4764 1463 4816 ll
