3314 5526
519 799 717 914 PARS
761 798 1080 930 QUINTA.

164 1098 234 1187 ull
259 1097 920 1238 SERMONISSALLUSTIANI
954 1100 1446 1187 PROPRIETATIBUS.
1514 1229 1517 1235 Ι

748 1365 841 1377 ...υ-

205 1706 252 1777 De
267 1708 413 1779 Sallustii
435 1708 558 1777 ratione
574 1707 699 1776 dicendi
718 1708 785 1795 jam
808 1708 1029 1776 disserendum
1048 1718 1113 1775 est:
1136 1728 1200 1775 uon
1215 1708 1301 1795 quod
1316 1709 1449 1796 singula

162 1814 376 1905 perstringere
399 1816 431 1884 in
454 1816 561 1883 animo
580 1816 621 1882 sit
644 1817 730 1900 (uam
745 1794 863 1903 saepius
882 1825 990 1882 nostra
1009 1825 1101 1882 aetate
1124 1816 1163 1882 de
1179 1815 1237 1883 hee
1261 1817 1448 1902 qnaestione

158 1918 450 2011 disputaremest),
467 1921 521 1990 sed
536 1943 637 2010 panca
656 1923 715 1990 hoc
735 1925 802 1990 loco
821 1923 859 1990 de
879 1923 953 1990 stilo
968 1923 1114 1991 Sallustii
1131 1942 1195 1989 uon
1211 1922 1330 1990 addere
1351 1925 1446 1991 nullo

159 2026 256 2097 uredo
273 2050 452 2118 possumus,
476 2050 576 2118 quum
598 2030 665 2117 jam
688 2051 785 2118 supra
808 2031 839 2097 in
863 2031 959 2096 rebus
983 2029 1199 2117 grammaticis
1220 2030 1445 2116 disquirendis

161 2134 256 2219 plura
275 2136 316 2205 ad
336 2138 394 2205 hoo
421 2146 642 2224 argumentum
669 2138 862 2224 pertinentia
882 2137 1059 2203 necessario
1083 2137 1339 2223 exposuerimus.
1370 2140 1447 2205 Rem

162 2240 264 2329 igitar
279 2244 324 2312 ita
344 2245 560 2323 instituemus,
582 2254 617 2311 ut
631 2265 669 2312 ex
687 2245 799 2312 ordine
815 2245 853 2312 de
872 2244 941 2331 ejus
964 2244 1070 2310 studio
1086 2244 1301 2331 antiquitatis,
1319 2245 1361 2312 de
1377 2245 1444 2313 stili

160 2348 333 2431 ratrietate,
354 2352 393 2419 de
409 2351 576 2431 brevitate,
597 2351 734 2439 denique
752 2350 791 2419 de'
805 2354 910 2419 colore
929 2351 1068 2419 oratorio
1084 2360 1115 2418 et
1133 2352 1315 2418 Grmeornm
1332 2352 1444 2420 imita·

162 2454 250 2526 tiano
267 2459 448 2548 loquamur.

798 2693 808 2758 l

616 2885 654 2940 De
673 2882 853 2955 antiquitatis
869 2883 992 2940 studiat

206 3086 241 3133 a.
251 3092 319 3127 -a
334 3066 373 3135 Ut
385 3063 467 3132 inter
477 3073 597 3132 veteres
607 3073 638 3132 et
646 3064 836 3132 recentiores
848 3074 910 3132 stat
922 3065 1107 3149 Sallustius,
1117 3065 1304 3155 Bernhardy
1321 3067 1441 3155 inquit,

162 3170 210 3257 (in
222 3192 281 3241 aua
291 3172 424 3240 historia
434 3171 496 3238 litt.
508 3174 598 3240 Rom.
611 3171 789 3260 germanice
799 3173 928 3260 scriptu,
938 3172 989 3240 ed.
1003 3193 1046 3255 nv,
1058 3194 1089 3260 p.
1102 3174 1328 3264 66l),itaeJ'ns
1338 3196 1445 3245 sermo

163 3280 245 3348 iuter
260 3280 451 3368 elegantiam
465 3281 640 3368 aequalium
654 3289 685 3346 et
696 3281 1019 3366 colorem-antiquum
1034 3281 1175 3349 medinm
1191 3291 1296 3367 tenet3
1311 3282 1383 3371 ejus
1398 3284 1444 3351 vi·

163 3386 274 3456 aidum
289 3389 417 3460 aolorte
435 3387 560 3454 dicendi
576 3407 674 3474 genus
690 3387 785 3474 prisci
801 3387 955 3455 sermonis
972 3387 1137 3474 dignitatis
1157 3390 1284 3475 plenam
1301 3391 1442 3477 gravita-

166 3504 241 3576 tum,
260 3494 293 3562 iu
308 3494 536 3562 vocabulorum
551 3515 624 3574 usu,
640 3494 774 3561 flexione
790 3515 826 3562 ac
839 3494 1071 3582 significatione
1085 3516 1157 3563 cnm
1171 3495 1333 3564 celeritate
1350 3506 1383 3565 et
1394 3498 1442 3565 vi-

165 3622 240 3691 pore
253 3622 325 3694 quae
347 3602 448 3690 ipsius
468 3602 598 3689 propria
621 3611 695 3668 sunt
713 3601 848 3689 cogitato
872 3602 995 3670 delectu
1008 3602 1126 3690 jungit.
1153 3630 1164 3664 ι
1190 3604 1259 3670 Non
1278 3603 1366 3672 enim
1386 3624 1443 3673 ne-

165 3708 234 3801 pari
252 3720 352 3799 potest
368 3709 557 3777 Sallustium
571 3711 709 3777 colorem
725 3710 926 3796 antiquitatis
942 3711 1114 3792 affectasse,
1130 3711 1215 3798 quod
1232 3711 1363 3798 quidem
1379 3732 1442 3779 non

166 3816 259 3889 tundo
286 3827 430 3885 veterum
458 3817 646 3884 testimoniis
671 3817 748 3883 satis
776 3816 999 3896 confirmatur,
1025 3818 1201 3885 sedetiam
1227 3839 1247 3884 a
1275 3820 1444 3886 nonnullis

167 3945 291 3995 suurruo
311 3923 387 3991 vitio
403 3924 430 3990 ei
454 3924 600 3991 vertitur.
616 3925 696 3991 Nam
711 3923 835 3991 etiamsi
852 3925 958 3990 Lenoei
971 3924 1143 4012 judicium,
1160 3925 1214 4012 qui
1238 3927 1386 4008 (Sueton.
1404 3924 1445 3992 dc

167 4030 216 4103 tlt.
233 4052 377 4122 prunam.
398 4033 451 4116 lli)
463 4051 536 4098 cnm
551 4059 562 4091 ι
577 4031 752 4118 priscorum
763 4030 956 4120 Catonisque
966 4032 1136 4099 uerborum
1153 4032 1443 4101 ineruditissimum

168 4142 270 4212 lurum
290 4168 301 4200 ι
328 4141 482 4226 appellat,
500 4159 517 4205 e
533 4139 672 4225 partium
685 4139 791 4206 studio
804 4149 909 4206 ortum
929 4149 987 4218 est,
1005 4139 1146 4208 etdsinii
1162 4140 1318 4206 Pollionis
1336 4140 1445 4208 verbis

167 4252 270 4335 (Suet.
293 4245 334 4314 de
348 4246 396 4313 ill.
415 4267 560 4335 promor.
579 4246 649 4333 to),
668 4247 722 4334 qui
744 4246 888 4314 Sallustii
909 4246 1028 4333 scripta
1044 4247 1249 4335 reprehendit
1263 4272 1277 4309 a
1290 4258 1326 4314 ut
1340 4248 1446 4315 nimiu

168 4355 345 4446 priscorum
367 4355 538 4420 verborum
560 4354 758 4420 affectatione
777 4354 877 4419 oblita
910 4378 921 4412 ι
949 4352 1026 4419 tides
1048 4373 1111 4420 non
1139 4352 1334 4435 adhihenda,
1365 4354 1445 4442 quia

167 4465 217 4533 vel
238 4460 497 4549 preclarissimus
513 4460 694 4547 scriptores,
719 4471 754 4527 ut
771 4461 966 4540 Ciceronem,
986 4461 1155 4539 Caesarem,
1177 4460 1304 4527 Livium
1324 4461 1443 4550 carpit,

199 4645 221 4694 1.
239 4641 278 4693 cf.
291 4639 410 4700 Schultz,
423 4639 454 4689 de
467 4638 629 4689 Arehutsmis
643 4637 817 4696 sallustianis,
831 4637 911 4699 liniis
923 4641 1068 4694 Saxonum,
1082 4640 1137 4688 1811
1150 4654 1156 4698 ;
1169 4639 1327 4698 Brueunert,
1339 4637 1373 4688 de
1389 4637 1445 4688 Sal·

169 4713 247 4767 lartio
260 4711 391 4763 imitatore
405 4711 518 4769 Catonis,
534 4711 643 4761 Sisenna
656 4710 818 4774 aliorumque
832 4716 946 4760 aeterum
961 4709 1147 4759 historicorum
1160 4710 1347 4772 Romanorum,
1362 4713 1443 4774 Icum,

171 4789 244 4848 {87³3
259 4785 379 4849 nettour,
395 4785 427 4836 de
441 4782 565 4836 Sallustio
580 4783 686 4865 Catonia
700 4781 838 4843 imitatore,
853 4782 938 4840 raris,
952 4784 1021 4843 1859.
