3314 5526
742 424 940 482 -rao-

195 566 332 632 al'acito
346 575 588 651 usurpatusest‚
606 566 659 648 (cl.
671 565 845 641 Gantrelle‚
863 554 1003 631 Gramm.
1020 576 1051 629 et
1065 564 1144 649 style
1160 563 1198 629 do
1213 564 1331 643 'facita
1347 585 1376 649 p.
1398 567 1464 648 td),

193 675 298 739 rarior
320 684 351 738 et
365 675 454 759 quasi
474 673 623 738 baesitatis
647 672 731 757 opud
751 672 936 738 Ciceronem
952 669 1095 757 aliosque
1120 691 1225 736 aureae
1245 671 1346 736 aetatis
1363 673 1465 758 scrip-

195 791 275 846 tores
291 781 439 859 occurrit,
462 802 497 846 ac
512 800 574 844 non
593 791 656 844 tom
671 781 852 847 Graecorum
868 779 1040 845 imitationi
1057 798 1153 864 quarn
1173 778 1319 865 objectivi
1333 779 1463 863 genitivi

195 890 226 953 in
240 887 447 973 subjectivum
465 887 632 952 mutationi
651 886 758 952 deberi
777 886 913 952 videtur.
937 886 1034 971 Cujus
1050 886 1134 970 apud
1156 885 1344 951 Sallustium
1366 906 1464 950 uuum

192 994 252 1059 boc
268 995 451 1079 exemplum
465 993 586 1071 notavi,
603 994 671 1060 Cat.
694 995 749 1071 3⁶2,
771 994 804 1071 2,
820 993 967 1081 niujores
988 1002 1144 1071 vostrum,
1166 992 1217 1057 ubi
1234 1003 1381 1058 vostrum
1395 1014 1464 1058 auc·

193 1101 320 1166 toritate
333 1101 428 1167 Gellii
446 1102 513 1182 (ιιιι,
527 1101 574 1184 5),
587 1100 805 1166 confirmatur.
822 1099 995 1165 Anhaltius
1008 1109 1112 1164 tamen
1127 1100 1318 1183 scripturam
1331 1100 1464 1185 optimo·

194 1228 265 1272 rum
282 1207 426 1272 codicum
442 1205 540 1272 uestri
553 1208 743 1272 servandam
761 1217 868 1273 conset
888 1208 924 1292 (l.
950 1208 971 1272 l.
994 1227 1025 1291 p.
1048 1206 1119 1290 22).

236 1315 420 1381 Genitivum
443 1333 517 1379 vero
540 1312 738 1402 adjectivum
763 1314 936 1399 saepissime
965 1322 1099 1398 usurpat
1119 1312 1374 1378 Sallustiuscum
1390 1333 1465 1398 pro-

192 1422 377 1487 nominibus
394 1441 557 1505 personae:

235 1530 359 1595 Nosrnr.
388 1565 429 1575 -
453 1526 650 1594 Memorium
669 1526 774 1591 riustri
788 1547 892 1613 quom
907 1525 1054 1592 maaime
1077 1525 1211 1614 tanqam
1230 1527 1361 1614 efficere
1379 1528 1460 1614 (Cat.

192 1657 214 1714 ι,
233 1637 286 1721 3);
302 1631 566 1723 rcostriproditor
583 1634 677 1716 (Hist.
695 1654 717 1711 ι,
739 1634 795 1711 51,
814 1634 882 1718 15).

234 1743 359 1810 Vosrnr.
385 1776 430 1790 -
451 1742 539 1809 Nom
555 1737 765 1827 sipurricr'du
781 1739 883 1805 vostri
895 1761 969 1806 sum
992 1740 1084 1825 (Hist.
1107 1762 1141 1820 u,
1156 1740 1211 1820 50,
1229 1741 1274 1824 3).

233 1851 391 1918 Nostrum
406 1861 436 1913 et
455 1858 601 1912 vostrum
617 1847 735 1912 formas
757 1847 787 1911 in
803 1846 952 1933 genitivis
968 1847 1127 1933 partitivis
1143 1847 1285 1926 adhibet,
1297 1842 1467 1934 nunquam'

190 1977 263 2023 vero
283 1957 315 2021 iu
331 1955 479 2041 genitivis
495 1954 668 2040 objectivis.
693 1953 763 2019 Mei
783 1964 814 2019 et
829 1952 880 2019 tui
901 1955 1028 2020 nntium
1050 1965 1096 2020 est
1116 1955 1245 2035 omnino
1268 1956 1459 2041 exemplum.

236 2065 301 2130 Sur.
327 2100 371 2112 -
394 2065 465 2146 tog.
481 2062 536 2140 80,
553 2062 585 2136 3,
599 2061 857 2150 praeterearepis
876 2059 997 2126 Bocchi
1000 2082 1184 2149 proruamus
1198 2097 1242 2110 -
1257 2059 1303 2126 ud
1315 2059 1462 2127 studium

189 2171 243 2237 srvi
252 2167 426 2258 perducit3
446 2172 517 2254 lug.
535 2169 592 2247 85,
605 2168 658 2246 38,
679 2166 874 2232 memorium
888 2166 1147 2256 srdpraerlaram
1164 2166 1366 2255 (reliquere);
1379 2170 1459 2234 llist.

189 2301 224 2357 ιι,
246 2278 300 2357 69,
319 2288 424 2341 terror
437 2272 584 2340 hostibus
607 2297 647 2338 ear
666 2273 794 2362 fiducie
812 2273 865 2340 sui
879 2273 1022 2353 incessit3
1047 2275 1127 2340 Hist.
1147 2296 1188 2350 tv,
1211 2276 1265 2355 5t,
1291 2273 1462 2364 coulepum

189 2386 349 2452 minorem
373 2393 405 2447 et
429 2382 483 2447 sui
507 2380 664 2448 cultorem
691 2380 878 2470 espectutr‘s.
909 2382 970 2466 (Cf.
993 2381 1073 2446 llist.
1091 2404 1114 2461 1,
1137 2383 1191 2458 ll,
1206 2393 1311 2447 metris
1325 2382 1464 2470 Pompei

188 2490 347 2576 victuris).
379 2489 535 2556 Similiter
564 2491 682 2555 Seneca
716 2489 853 2554 libenter
880 2489 1054 2574 genitivum
1087 2488 1228 2554 rellexivi
1264 2489 1461 2574 pronominis

191 2607 334 2685 usurpat.

230 2707 266 2772 F.
292 2741 338 2755 -
360 2705 528 2771 Gnumrvus
552 2721 776 2768 unscnrerrvus.
798 2738 843 2752 -
866 2704 1033 2770 Genitivus
1057 2702 1279 2789 descriptivus,
1297 2703 1322 2767 si
1339 2702 1461 2769 Madvi-

187 2815 238 2900 gio
255 2813 409 2895 (Gramm.
433 2813 488 2876 lat.
506 2813 522 2894 ξ
546 2810 622 2888 287,
640 2810 722 2900 Adn.
741 2810 789 2896 Ξ),
808 2809 886 2876 tides
906 2811 1087 2877 adhibenda
1102 2820 1160 2891 est,
1176 2810 1215 2875 ab
1230 2807 1461 2885 udlotiuodes-

188 2918 326 3008 criptico
339 2919 372 2983 in
390 2938 427 2985 eo
447 2917 553 2982 dillert
568 2916 653 3002 quod
675 2917 775 3002 magis
794 2917 931 3003 speciem
946 2927 977 2982 et
992 2927 1141 2983 naturam
1155 2917 1284 3003 subjecti
1303 2916 1459 3002 designat,

187 3026 344 3093 ablativus
359 3045 432 3089 vero
444 3044 493 3089 res
507 3023 671 3107 adjunctas
686 3023 827 3108 subJecto
842 3023 948 3109 potius
961 3024 1123 3090 illustrare
1135 3023 1272 3088 videtur.
1284 3023 1461 3088 Fatendum

187 3143 233 3199 est
250 3132 325 3198 locis
342 3131 501 3216 plerisque
519 3131 686 3215 paululum
700 3131 749 3194 vel
771 3129 851 3194 nibil
873 3130 1060 3196 differentia
1078 3131 1109 3195 in
1130 3130 1297 3219 utriusque
1311 3150 1403 3195 casus
1416 3129 1461 3195 si-

188 3240 388 3322 gnificatione
406 3238 519 3313 inesse,
540 3237 584 3302 ita
608 3246 643 3302 ut
658 3237 690 3302 iu
713 3237 823 3302 eodem
838 3237 1004 3303 enuntiato
1028 3236 1189 3302 interdum
1212 3248 1346 3322 uterque
1372 3236 1460 3302 iuve-

187 3345 455 3426 statuentium
481 3346 560 3429 trag.
584 3344 645 3410 inc.
674 3345 727 3422 ιι,
750 3345 894 3424 [tanaus
917 3344 1108 3410 salutum
1141 3325 1239 3430 quod]
1265 3342 1460 3432 Pompeium

187 3452 252 3518 cris
272 3450 428 3540 improbi,
445 3449 558 3516 auimo
573 3448 789 3517 irruerecundo
807 3451 998 3537 [scripsisset
1014 3450 1218 3519 acerbissima
1232 3450 1331 3517 satira
1347 3453 1460 3516 lacera·

186 3561 261 3645 vit]‚
283 3559 337 3625 ubi
363 3559 513 3637 vidimus,
536 3568 571 3624 ut
591 3561 669 3625 solet
697 3559 782 3643 apud
807 3559 929 3643 priores
954 3559 1045 3624 bonae
1067 3558 1170 3623 aetatis
1190 3559 1360 3645 scriptores
1378 3557 1459 3636 fieri,

107 3700 109 3705 ·
185 3666 360 3753 genitivum
385 3666 526 3752 corporis
554 3667 687 3731 virtutes
725 3668 837 3750 (genus
865 3685 993 3751 qnoque
1021 3676 1052 3730 et
1080 3666 1252 3752 speciem),
1285 3664 1461 3730 ablativum

186 3773 283 3838 animi
303 3773 391 3838 dotes
405 3783 436 3837 et
460 3772 644 3838 interiorem
664 3781 813 3838 naturam
833 3773 938 3858 potius
957 3772 1134 3858 designare.
1153 3773 1194 3837 At
1215 3773 1247 3837 in
1263 3773 1322 3838 hoc
1337 3773 1461 3838 Cicero-

187 3880 249 3955 nis,
261 3899 365 3967 raeque
377 3898 507 3944 moriere
516 3888 545 3944 te
556 3876 662 3944 audeo
686 3879 847 3964 praestanti
866 3879 1038 3965 prudentia
1055 3876 1176 3958 uuum,
1188 3900 1246 3943 ricc
1265 3878 1462 3966 confirmare

186 3986 425 4051 maximianimi
442 3982 621 4063 homiuem,
633 3986 818 4052 dillicileest
833 3986 1047 4053 differentiam
1064 4006 1195 4051 casuum
1209 3984 1457 4070 deprehendere.

230 4094 267 4159 G.
293 4129 339 4141 -
362 4094 530 4158 Gnvrrrvus
554 4114 612 4158 criu
636 4114 820 4158 cnnuvurvo.
847 4129 891 4143 -
914 4094 1111 4179 Frequenter
1132 4101 1265 4177 usurpat
1289 4090 1461 4156 Sallustius

187 4201 362 4288 genitivum
376 4200 565 4265 substantivi
583 4219 617 4266 ac
637 4199 804 4286 gerundivi
823 4223 841 4265 a
855 4200 951 4266 verbo
967 4222 1032 4266 esse
1046 4200 1093 4264 vel
1115 4219 1261 4284 expresso
1276 4199 1325 4264 vel
1346 4197 1461 4263 omisso

189 4307 390 4394 pendentem,
421 4306 476 4393 qui
501 4306 641 4393 quidem
670 4316 703 4372 ut
727 4307 840 4373 Kritzii
864 4307 969 4373 verbis
989 4317 1078 4386 utar,¹
1096 4305 1253 4391 significat
1272 4304 1396 4392 aliquid
1418 4306 1462 4370 ita

186 4423 406 4499 comparatum
425 4434 504 4490 esse,
520 4424 555 4478 ut
568 4413 607 4478 ad
623 4434 692 4479 eam
708 4435 774 4479 rem
790 4435 861 4499 qnae
881 4414 1020 4500 genitivo
1036 4413 1221 4479 enuntietur
1235 4411 1461 4500 perficiendam

185 4531 305 4608 spectet
332 4541 368 4585 ac
391 4522 557 4607 pertineat.
581 4521 945 4606 Cujusconstructionis
964 4533 1036 4586 aute
1056 4530 1182 4586 aetatem
1208 4520 1275 4606 ejus
1301 4538 1463 4605 perpauca

186 4629 332 4712 exempla
356 4638 430 4692 sunt
453 4629 574 4713 (Plaut.
592 4628 674 4693 llud.
697 4648 728 4704 v,
751 4628 782 4707 3,
807 4629 858 4707 ta,
874 4625 1121 4716 jusjurandum
1135 4626 1186 4692 rei
1198 4625 1379 4703 seruandae,
1395 4647 1462 4690 rtore

187 4731 363 4824 perdendae
377 4733 544 4800 conditum
566 4738 638 4822 est),
662 4736 746 4820 apud
762 4736 944 4801 Ciceronem
959 4756 1032 4800 vero
1048 4734 1110 4800 duo
1133 4745 1254 4800 tantum
1272 4734 1458 4799 laudantur:
