3314 5526
718 337 915 396 -130-

113 498 123 517 ¹
180 483 218 548 de
234 485 356 549 lnvent.
375 504 409 562 ιι,
426 484 479 560 47,
498 483 573 562 438,
596 481 707 547 omnia
723 480 890 571 supplicia
910 480 1015 570 culpa
1034 503 1073 548 ac
1092 479 1229 547 malitiae
1243 479 1461 547 vindicanda

181 591 358 659 constituta
378 611 459 671 esse3
479 590 533 655 nbi
551 599 580 655 44
606 589 731 655 dativus
755 589 891 676 intelligi
915 598 1029 675 potest3
1056 590 1089 654 in
1113 590 1205 656 Vorr.
1232 610 1266 665 ιι,
1292 589 1349 669 63,
1380 588 1458 668 tta,

181 720 330 789 parares
358 695 535 764 evertenda
562 695 752 786 reipublice
781 695 886 762 solent
917 717 993 762 csse.
1020 698 1094 762 Post
1123 696 1331 776 Sallustium,
1370 696 1459 782 apud

181 806 306 874 Livium
322 804 407 870 haud
434 825 506 870 raro
529 803 706 883 invenitur;
736 825 754 868 4
776 803 883 870 Tacito
899 815 1006 868 autem
1028 803 1156 890 sapius,
1176 813 1271 889 atquc
1293 803 1460 870 interdum

183 912 349 993 audacius,
363 911 402 977 44
418 911 621 977 indicandam
632 911 728 976 finem
739 921 795 976 aut
808 910 990 990 consilium,
1007 930 1079 977 cnm
1095 910 1197 977 omnis
1209 911 1336 997 generis
1348 911 1460 979 verbis

182 1030 373 1105 usurpatur,
395 1019 434 1083 44.
460 1019 542 1086 444.
556 1020 589 1098 2,
610 1019 668 1109 593
687 1020 718 1097 3,
737 1019 774 1095 7;
793 1018 825 1098 3,
838 1019 874 1099 3;
894 1018 973 1084 Hist.
992 1019 1023 1097 4,
1039 1019 1100 1096 453
1119 1021 1151 1097 4,
1173 1019 1228 1096 ta,
1245 1027 1306 1098 etc,
1328 1027 1360 1084 et
1385 1017 1461 1085 vide

182 1127 351 1193 Boetticher
368 1146 398 1212 p.
416 1126 493 1204 att,
515 1146 549 1191 ac
574 1126 750 1212 praesertim
766 1125 854 1191 Kritz
870 1124 909 1190 ad
930 1125 998 1191 Cot.
1021 1125 1054 1202 6,
1073 1126 1106 1202 7,
1121 1125 1175 1210 qni
1191 1125 1293 1190 mutto
1309 1125 1461 1211 exempta

185 1234 304 1300 444444.

227 1342 299 1407 Haec
318 1339 447 1427 quidem
473 1340 551 1406 8444.
578 1340 722 1423 exempla
744 1323 948 1404 notavimus:
975 1339 1044 1404 Cat.
1074 1340 1107 1417 6,
1134 1340 1166 1419 7,
1192 1337 1322 1426 rapiam
1351 1336 1462 1427 impc-

183 1448 284 1527 rinm,
302 1444 393 1534 parad
406 1444 498 1511 initio
522 1442 752 1511 conservanda
771 1443 933 1510 libertatis
952 1455 1050 1531 atque
1064 1443 1223 1533 anpercda
1246 1445 1295 1510 rei
1306 1444 1461 1535 publicae

181 1554 396 1643 4444444144.
418 1555 471 1632 46,
489 1554 521 1633 2,
534 1573 673 1641 panum
687 1550 820 1618 illoram
833 1550 897 1618 sibi
910 1551 1012 1632 oneri,
1031 1550 1262 1640 impunitatem
1270 1550 1463 1642 pervidenda

184 1659 373 1750 reipublicae
393 1661 468 1748 sora
482 1657 654 1738 credebam
680 1661 751 1744 Jug.
779 1659 833 1738 88,
851 1661 882 1738 4,
904 1669 1167 1748 parapostqttam
1190 1657 1336 1747 ploriosa
1360 1657 1462 1724 modo

184 1789 289 1856 neque
306 1766 383 1832 belli
392 1764 555 1855 patrandi
565 1765 727 1853 capnooit,
749 1768 827 1852 (quo
848 1768 913 1833 loco
931 1767 1015 1832 bunc
1032 1767 1208 1850 genitivum
1228 1787 1300 1832 cnm
1319 1766 1463 1852 genitivo

187 1873 380 1963 descriptiva
397 1876 506 1960 aliqua
525 1895 560 1939 ox
580 1885 667 1959 parte
684 1894 857 1961 congruere
871 1873 1012 1939 dilucide
1029 1877 1194 1959 apparet);
1210 1874 1290 1939 Hist.
1309 1896 1332 1948 ι,
1354 1874 1410 1952 ta,
1426 1873 1461 1949 8,

187 1980 290 2048 atille
309 2002 345 2046 44
353 1979 515 2071 processit
529 1980 581 2046 ati
593 1978 681 2045 nihil
695 1979 875 2067 ploriosnm
890 1981 953 2045 nisi
969 1991 1088 2060 444444,
1110 1992 1142 2044 44
1155 1979 1268 2045 amnia
1282 1978 1464 2046 retinenda

189 2087 424 2155 dominat-ionis
456 2087 591 2152 ltoncsta
627 2098 786 2166 44444444,
828 2088 882 2153 ubi
910 2090 1047 2171 Drueger
1074 2088 1166 2169 (ilist.
1199 2089 1288 2172 Synt.
1319 2108 1350 2173 p.
1379 2088 1463 2174 804)

188 2196 365 2283 genitivum
381 2193 518 2283 finalem
535 2194 635 2274 videt;
662 2197 701 2261 44.
721 2196 787 2261 Liv.
807 2197 839 2274 3,
863 2196 918 2274 at,
938 2197 950 2259 4
967 2219 974 2272 ;
993 2195 1025 2273 3,
1041 2195 1099 2273 39;
1123 2195 1179 2273 tt,
1195 2193 1227 2274 9,
1245 2195 1302 2275 44,
1325 2195 1380 2274 40,
1398 2195 1462 2273 293

190 2302 222 2380 6,
240 2302 271 2381 3,
289 2302 321 2381 6,
339 2298 465 2366 tribuni
475 2299 585 2390 plebis
601 2299 809 2367 concordiam
824 2299 977 2366 ordinum
991 2304 1115 2381 timent,
1133 2322 1235 2387 quam
1250 2299 1467 2367 dissolvenda

191 2407 337 2474 manime
356 2407 538 2474 tribuniciae
549 2407 721 2498 potestatis
734 2419 848 2473 rentur
862 2428 939 2488 esse,
961 2420 1020 2487 444,
1043 2419 1100 2473 444.

233 2516 334 2581 Panto
356 2519 449 2581 etiam
477 2516 647 2581 audaciora
664 2517 731 2581 baec
752 2517 845 2580 tinem
866 2525 921 2580 ant
940 2516 1110 2581 consiliunt
1130 2516 1271 2581 indicare
1287 2516 1464 2582 videntur:

191 2623 271 2687 ilist.
306 2645 328 2700 ι,
361 2623 416 2708 tit,
448 2624 480 2701 3,
508 2625 556 2687 M.
584 2621 741 2687 AErnilins
771 2658 815 2671 -
842 2621 1021 2687 caercitrcm
1047 2619 1277 2712 opprimundae
1303 2621 1468 2688 libertatis

191 2727 307 2804 tradem
346 2728 422 2793 ibid.
446 2730 478 2807 6,
500 2749 575 2794 cram
605 2728 741 2816 privata
770 2750 867 2793 arma
886 2727 1117 2817 opprimundae
1136 2727 1298 2795 libertatis
1313 2730 1465 2817 cepissem

194 2835 271 2900 ibid.
305 2836 358 2914 to,
391 2832 437 2899 444
450 2856 547 2899 arma
579 2833 703 2912 civilia,
735 2856 808 2922 4444
841 2833 896 2901 4444
928 2833 1101 2908 adversum
1122 2833 1235 2900 diuina
1258 2847 1289 2901 44
1313 2835 1467 2902 44444444

193 2940 306 3008 amnia
320 2941 418 3030 cepit,
435 2964 501 3006 non
509 2963 656 3030 prosata,
673 2954 734 3007 444
747 2963 888 3029 qnorum
899 2941 1047 3021 simulat,
1066 2941 1204 3030 injuria,
1227 2941 1286 3008 secl
1300 2942 1410 3030 tapam
1426 2965 1468 3008 ac

194 3047 355 3114 libertatis
366 3047 608 3116 4444444444.
627 3052 772 3138 Quorum
786 3051 881 3115 trium
901 3052 1131 3136 exemplorum,
1153 3051 1179 3115 si
1199 3051 1262 3117 duo
1286 3051 1393 3136 priora
1410 3070 1470 3135 per

193 3155 368 3240 genitivum
388 3156 615 3243 descriptivum
630 3157 787 3244 explicaro
800 3158 897 3223 etiam
919 3157 1003 3236 ticet,
1022 3158 1178 3243 posterius
1198 3178 1273 3224 sano
1289 3157 1467 3244 genitivum

194 3263 325 3328 finalem
339 3263 446 3329 babet.-
462 3265 587 3330 Tacitus
600 3285 674 3330 vero
688 3266 864 3350 genitivum
879 3263 1068 3330 substantivi
1085 3285 1156 3330 cum
1169 3264 1344 3350 gerundivo
1361 3264 1466 3351 juncti

195 3371 312 3455 saepins
329 3372 368 3437 ad
385 3382 485 3437 totum
500 3372 702 3437 enuntiatum
715 3373 822 3451 refert,
841 3382 874 3438 ot
887 3373 981 3437 finem
997 3383 1027 3437 44
1041 3372 1211 3438 consitium
1227 3372 1361 3439 indicet:
1380 3372 1464 3438 ,444.

196 3478 228 3558 3,
246 3479 279 3558 9,
297 3476 339 3543 ab
359 3477 490 3546 Narnia
509 3477 652 3544 44444444
666 3478 859 3567 suspicionis
874 3477 1032 3544 deuectus.
1056 3480 1120 3544 Hoc
1139 3480 1284 3566 exempto
1305 3491 1336 3545 et
1355 3479 1468 3544 simiti-

198 3584 256 3649 bus
276 3585 466 3651 substantivi
492 3607 593 3650 catrsa
612 3585 717 3670 ellipsi
736 3586 815 3651 falso
837 3585 1010 3672 genitivum
1030 3587 1190 3672 explicant
1210 3586 1372 3666 nonnulii,
1396 3606 1467 3652 cum

198 3691 356 3775 genitivus
372 3712 427 3777 per
443 3711 475 3757 sc
489 3692 552 3757 vim
568 3693 693 3758 consilii
707 3701 763 3757 aut
778 3692 850 3758 bnis
865 3693 1061 3777 exprimendi
1083 3693 1209 3759 babeat.

241 3799 279 3863 H.
306 3833 351 3846 -
374 3799 540 3865 Gnntnvvos
559 3820 744 3864 rinrnvvns.
773 3835 818 3848 -
840 3799 1022 3866 Gonitivom
1037 3821 1109 3865 cont
1131 3799 1280 3865 444444ιί4
1298 3800 1354 3865 ioci
1377 3822 1413 3865 44
1431 3801 1468 3865 li-

200 3907 309 3971 benter
323 3905 430 3992 jungit
449 3907 621 3972 Sallustius
649 3928 655 3970 :
678 3907 749 3992 ing.
770 3928 793 3984 ι,
816 3907 849 3985 5,
873 3917 903 3970 44
919 3926 954 3970 44
978 3904 1216 3994 mapnitndinis
1234 3903 1467 3994 procederent;

199 4014 232 4092 a,
249 4015 281 4091 ⁹4,
304 4033 405 4099 eoque
420 4010 576 4078 vecordia
584 4012 757 4102 processit3
779 4015 832 4093 44,
855 4014 887 4093 3,
904 4012 1063 4100 paeoniam
1079 4035 1114 4080 44
1134 4001 1344 4078 miseriarum
1360 4024 1470 4078 venta·

199 4141 256 4185 rats
276 4141 388 4198 eram;
413 4142 483 4205 quan
502 4131 663 4186 structura
679 4139 844 4207 nunquam
860 4141 877 4184 4
892 4121 1013 4186 Caesare
1027 4130 1057 4186 et
1069 4122 1218 4187 Cicerone
1240 4131 1394 4204 usurpata
1410 4132 1468 4200 est,

200 4226 406 4312 saepinslvero
419 4226 503 4312 opud
519 4227 708 4312 posteriores
727 4228 897 4313 scriptores
919 4229 1066 4293 occurrit.
1090 4228 1136 4294 Gt.
1156 4229 1286 4293 Sueton.
1318 4249 1353 4291 44
1375 4249 1469 4293 arro-

200 4331 523 4421 pantiaepropressats
538 4345 603 4412 44,·
618 4336 691 4399 Τ44.
709 4355 745 4398 44
762 4332 880 4421 inopia
899 4355 1025 4413 444444,
1047 4345 1105 4400 444.

245 4441 325 4505 Cum
337 4441 577 4526 pronominibus
590 4440 733 4506 neutrius
747 4438 843 4517 nihil,
860 4439 1043 4528 quidquam
1062 4455 1121 4506 etc.
1143 4440 1317 4525 genitivum
1344 4442 1472 4531 partiti-

201 4566 277 4617 vum
297 4546 440 4612 adbiberi
459 4560 566 4613 notum
586 4558 645 4626 est,
664 4548 745 4614 inter
767 4569 845 4634 quas
861 4550 1107 4614 constructiones
1123 4547 1171 4612 ba
1188 4548 1413 4613 duo-notandae
1429 4549 1470 4612 vi·

203 4653 343 4720 dentur:
