3314 5526
734 439 932 497 -176-

190 582 328 660 Trador,
349 584 431 649 Hist.
453 605 475 663 1,
498 584 552 660 bl,
576 580 720 648 traditur
732 583 853 671 [uptun
869 582 903 648 in
925 581 1049 648 Oceani
1061 580 1240 668 lonqinquo
1254 580 1464 667 copitcoisse.

232 692 337 760 Verba
353 691 499 777 quadam
521 700 575 755 aut
600 691 856 775 impersonaliter
879 710 950 755 cum
971 700 1106 754 accusat.
1130 701 1160 753 et
1181 688 1297 753 inlinit.
1321 696 1378 753 aut
1398 708 1465 772 per·

188 799 425 863 sonaliteroum
448 797 643 862 nominativo
660 799 752 883 pungi
777 807 919 883 possunt.
950 796 1207 880 impersonaliter
1228 795 1369 860 adbibita
1399 795 1466 860 haec

189 905 396 970 inveniuntur
411 904 496 989 apud
513 904 701 969 Sallustium
720 927 729 967 .·

231 1009 389 1090 Auditur,
408 1011 565 1096 participii
588 1011 717 1095 perlecti
740 1011 852 1096 passivi
870 1010 986 1094 specie,
1005 1009 1143 1074 ablativo
1156 1029 1229 1074 oasu
1248 1008 1354 1093 positi,
1378 1009 1461 1073 llist.

186 1140 216 1193 v,
237 1120 290 1191 lb,
306 1130 341 1182 at
354 1116 522 1196 Lucullus,
540 1115 655 1182 audito
674 1118 712 1196 Q.
729 1116 893 1182 Marcium
907 1119 1083 1202 Repene-
1097 1114 1130 1179 in
1149 1113 1299 1180 Ciliciam
1317 1112 1461 1180 tendere.

187 1225 525 1312 Similiterconperto,
550 1224 630 1288 Hist.
652 1245 683 1300 r,
711 1225 763 1288 tl.
792 1260 832 1271 —
863 1221 1029 1299 Creditur,
1050 1223 1117 1287 Cat.
1148 1223 1200 1300 la,
1231 1223 1263 1298 ⁶2,
1287 1232 1464 1311 postremo

186 1343 303 1420 coptus
334 1329 510 1417 (Catilina)
543 1351 656 1394 umore
682 1328 825 1394 Aurelia
856 1328 988 1394 Orestill
1018 1380 1025 1405 ,
1054 1328 1241 1393 --tr'mcns
1264 1327 1463 1416 privipnum

185 1436 303 1502 adicito
319 1433 427 1516 aetate,
446 1447 610 1524 procerte
630 1433 773 1501 creditur
787 1447 900 1501 necato
915 1434 987 1522 filio
1002 1457 1144 1500 roricone
1163 1433 1299 1499 domnam
1318 1432 1464 1500 scelestis

184 1543 308 1631 nuptiis
323 1543 449 1630 secisse,
467 1543 520 1608 ubi
543 1543 758 1628 supplendum
774 1564 861 1621 curn,
880 1552 910 1606 ct
929 1543 1105 1607 notandum
1121 1542 1356 1618 anacoluthon3
1375 1542 1464 1627 quod

184 1669 259 1715 vero
287 1651 434 1734 nonnulli
456 1651 625 1714 voluerunt
655 1650 864 1733 personaliter
879 1650 929 1713 bic
952 1649 1083 1714 verboru
1106 1645 1251 1713 creditur
1268 1642 1462 1732 usurpatum

185 1746 263 1836 esse,
283 1777 384 1842 nequa
401 1757 614 1821 anacoluthon
635 1757 747 1835 inesse,
767 1755 839 1820 baio
857 1756 1109 1840 interpretationi
1134 1757 1261 1820 obstant
1282 1756 1380 1820 verba
1397 1776 1463 1842 pro

185 1873 283 1944 certo,
303 1885 374 1950 quae
400 1864 489 1928 nullo
517 1863 611 1928 modo
631 1864 669 1928 de
696 1882 828 1948 persona
857 1863 916 1927 dici
936 1873 1077 1947 possunt.
1101 1899 1142 1909 —-
1162 1860 1302 1938 Dicitur,
1324 1862 1407 1926 Hist.
1437 1883 1461 1940 r,

187 1971 240 2048 li,
262 1970 313 2034 uti
334 1969 450 2034 merito
471 1967 601 2034 dicotur
615 1969 740 2057 penites
755 1989 832 2043 esse,
850 1967 909 2055 qui
925 1989 1031 2055 neque
1049 1967 1115 2056 ipsi
1129 1967 1250 2032 babere
1257 1979 1398 2056 possent
1411 1989 1464 2034 res

185 2075 387 2163 familiares,
416 2087 521 2162 neque
540 2075 623 2141 alios
636 2075 724 2163 poti.
752 2112 797 2125 -
819 2074 1013 2149 Nuntiatur,
1035 2076 1104 2140 Cat.
1127 2076 1181 2152 35,
1203 2077 1235 2148 5,
1258 2072 1360 2161 ptrue
1384 2095 1463 2140 cum

188 2181 328 2248 scribere
342 2181 470 2262 uellent,
484 2183 676 2248 nrtntiuturn
691 2194 738 2247 cst
752 2181 819 2247 aine
833 2180 918 2247 milti
928 2181 1067 2269 porari,·
1082 2183 1121 2247 el.
1139 2184 1210 2266 Jog.
1229 2183 1303 2256 tl3,
1321 2182 1341 2245 5
1354 2206 1362 2261 3
1382 2183 1460 2260 tlt,

187 2291 206 2356 3
215 2313 223 2368 3
242 2310 405 2376 nunquam
421 2310 494 2354 vero
512 2291 722 2374 personaliter
736 2299 926 2374 usurpatum
948 2309 1018 2353 oum
1043 2288 1199 2353 infinitivo
1227 2287 1310 2372 apud
1337 2289 1463 2353 Sallus-

187 2399 267 2461 tium
282 2409 340 2472 est,
361 2396 451 2481 cujus
472 2397 714 2461 constructionis
742 2417 840 2482 pauca
862 2406 982 2460 tautum
1000 2395 1108 2460 Livius
1130 2395 1223 2459 babet
1242 2396 1401 2478 exempla.
1422 2433 1463 2443 —

192 2500 338 2581 Videtur,
359 2504 429 2587 lug.
455 2503 510 2581 85,
530 2505 561 2580 ⁰2,
578 2500 636 2567 sed
648 2501 734 2568 milti
751 2514 865 2567 contro
885 2522 922 2566 eu
937 2499 1090 2565 videtur:
1112 2521 1275 2586 utrmque
1291 2500 1402 2587 pluris
1418 2513 1466 2567 est

185 2607 341 2673 univorsa
365 2629 416 2673 res
429 2607 570 2697 publico
590 2629 692 2694 quone
707 2607 896 2674 consrtlotus
919 2619 980 2672 ortt
993 2619 1155 2695 paratura,
1172 2628 1208 2672 en
1233 2605 1363 2690 majore
1377 2628 1464 2673 curn

183 2712 278 2781 illum
293 2713 525 2780 administrari
535 2736 635 2802 quam
653 2715 721 2780 bac
738 2715 808 2803 peti
821 2712 946 2780 debere.

785 2931 862 2996 tht.
926 2943 933 2949 ''

580 3087 620 3141 lle
640 3088 913 3159 interrogationibus
933 3088 1065 3159 obliquis.

231 3251 263 3314 l⁰
286 3247 379 3334 Apud
400 3247 517 3332 priscos
539 3259 681 3313 auctores
697 3258 806 3313 notum
822 3261 867 3313 est
887 3249 1094 3315 indicativum
1122 3250 1153 3313 in
1174 3251 1361 3326 enuntiatis,
1385 3271 1463 3335 quae

186 3353 469 3440 interrogationem
495 3354 683 3418 indirectam
702 3353 832 3431 babent,
850 3358 996 3439 usurpari
1019 3359 1133 3433 solere,
1153 3354 1231 3438 (oid.
1253 3356 1308 3421 lld.
1327 3358 1462 3432 Reclrer,

184 3462 230 3525 De
244 3460 390 3549 Sputoai
413 3458 607 3548 interropot.
639 3459 851 3547 obliquorum
875 3461 1105 3551 opudpriscos
1128 3463 1302 3551 scriptores
1326 3446 1462 3541 intimos,

184 3567 439 3654 Grypbisvaldae,
463 3567 573 3652 tatu),
591 3568 675 3653 apud
695 3570 864 3653 scriptores
881 3589 952 3634 vero
969 3589 1073 3634 aureae
1088 3570 1190 3634 atatis
1205 3570 1462 3654 conjunctivum,

184 3675 386 3759 paucissimis
400 3675 553 3760 exemplis
568 3676 717 3760 exceptis,
737 3676 840 3740 solum
857 3675 1006 3740 inveniri.
1026 3677 1169 3742 Sallustii
1186 3678 1239 3762 qui
1263 3678 1466 3743 unrinnullis

184 3782 335 3846 laudatur
362 3780 449 3845 locus
465 3781 532 3845 Cat.
555 3782 610 3858 al,
633 3783 664 3860 l,
687 3803 811 3868 ncapuo
830 3781 916 3847 mitt
939 3782 1033 3870 copia
1050 3793 1097 3848 est
1115 3781 1335 3863 memorandi,
1348 3795 1465 3871 patres

182 3885 368 3974 conscripti,
387 3887 447 3974 qui
467 3909 558 3974 repes
573 3900 672 3975 utque
687 3887 808 3976 pepuli
829 3888 881 3953 iro
897 3901 957 3954 out
979 3888 1205 3955 misericordia
1220 3889 1346 3978 irtpulsi
1369 3890 1465 3958 mule

181 3995 423 4072 consuluerunt,
439 3996 640 4060 ambrosiani
657 3996 748 4060 Messi
763 4005 793 4059 et
807 3994 923 4060 codicis
939 3996 1083 4063 Vaticani
1102 3998 1302 4081 aliorumque
1318 3999 1463 4063 auctori·

184 4112 258 4179 tatc,
290 4121 492 4186 nequaquam
516 4111 621 4167 certus
648 4113 704 4166 est.
733 4102 812 4166 Nam
836 4113 866 4166 et
891 4102 1030 4169 Wirzius
1059 4104 1090 4167 in
1114 4104 1267 4171 Vaticano
1291 4107 1358 4188 ipso
1384 4104 1465 4190 legit

181 4204 417 4286 consuluerint,
435 4218 465 4272 et
480 4209 591 4292 optimi
605 4209 726 4272 codices
739 4209 882 4274 eamdem
896 4209 1086 4294 scriptoram
1098 4210 1265 4289 exbibcnt;
1280 4230 1346 4274 rem
1360 4210 1466 4294 igitur

184 4314 215 4378 in
237 4314 339 4379 medio
356 4315 537 4400 relinquere
554 4315 655 4378 tutius
669 4314 805 4379 videtur.

226 4421 261 4484 2⁰
284 4421 512 4505 luterrogativa
536 4421 702 4485 enuntiata
723 4421 917 4507 imperfecta,
933 4442 1004 4507 qum
1022 4434 1089 4507 post
1111 4421 1260 4487 adverbia
1275 4433 1329 4487 aut
1344 4436 1462 4490 neutra

183 4526 412 4612 adjecti‘rorum
441 4539 611 4592 occurrunt
635 4528 875 4592 exclamationis
899 4530 1016 4614 specie,
1042 4549 1077 4594 ac
1102 4529 1293 4594 eonferenda
1308 4529 1463 4598 videntur

181 4651 253 4697 cum
268 4635 378 4719 gratis
402 4634 628 4710 locutionibus,
655 4645 690 4697 ut
703 4642 852 4712 θαυμαστὸν
868 4642 939 4712 ὅσον,
955 4644 1090 4716 ὑπερφυῶς
1105 4645 1149 4707 ὡς,
1171 4637 1259 4701 nollo
1284 4635 1377 4701 modo
1390 4658 1460 4722 -pro

183 4739 380 4806 hellenismis
396 4739 544 4805 babendo
557 4752 630 4804 sunt
647 4760 742 4805 :nram
763 4760 825 4806 uon
842 4742 927 4826 apud
944 4743 1128 4808 Ciceronem
1146 4753 1282 4820 tautum,
1299 4742 1353 4808 sed
1369 4745 1459 4828 apud
